%% LaTeX2e file `bib.bib'
%% generated by the `filecontents' environment
%% from source `dolgozat_main' on 2019/08/15.
%%
@article{CHANCE1952,
   author = {Chance, B. and Greenstein, D. S. and Roughton, F. J.},
   title = {The mechanism of catalase action. I. Steady-state analysis},
   journal = {Arch Biochem Biophys},
   volume = {37},
   number = {2},
   pages = {301-21},
   note = {CHANCE, B
GREENSTEIN, D S
ROUGHTON, F J W
Not Available
Arch Biochem Biophys. 1952 Jun;37(2):301-21.},
   keywords = {*Oxidoreductases
Testis/*anatomy & histology},
   year = {1952}
}
