% Encoding: UTF-8


@article{thrift2003space,
  title={Space: the fundamental stuff of geography},
  author={Thrift, Nigel},
  journal={Key concepts in geography},
  volume={2},
  pages={95--107},
  year={2003},
  publisher={Sage Thousand Oaks}
}
