% Encoding: UTF-8

%%% Example
@Article{hjic,
  Title                    = {Refrigerator optimal scheduling to minimize the cost of operation},
  Author                   = {B\'alint, Roland and Magyar, Attila},
  Journal                  = {Hungarian Journal of Industriy and Chemistry},
  Year                     = {2016},
  Number                   = {2},
  Pages                    = {99--104},
  Volume                   = {44},
  Owner                    = {attila},
  Timestamp                = {2016.09.20},
}

%%% Nimr√≥d Thesis

@phdthesis{baotic2005optimal,
  title={Optimal control of piecewise affine systems: A multi-parametric approach},
  author={Baotic, Mato},
  year={2005},
  school={ETH Zurich}
}

@book{kwon2006receding,
  title={Receding horizon control: model predictive control for state models},
  author={Kwon, Wook Hyun and Han, Soo Hee},
  year={2006},
  publisher={Springer Science \& Business Media}
}

@phdthesis{herceg2009real,
  title={Real-Time Explicit Model Predictive Control of Processes},
  author={Herceg, Martin},
  year={2009},
  school={PhD thesis}
}

@incollection{grancharova2005survey,
  title={Survey of explicit approaches to constrained optimal control},
  author={Grancharova, Alexandra and Johansen, Tor Arne},
  booktitle={Switching and Learning in Feedback Systems},
  pages={47--97},
  year={2005},
  publisher={Springer}
}

@phdthesis{antoniewicz2009predictive,
  title={Predictive control of three phase AC/DC converters},
  author={Antoniewicz, Patrycjusz},
  year={2009},
  school={The Institute of Control and Industrial Electronics}
}

@book{geyer2005low,
  title={Low complexity model predictive control in power electronics and power systems},
  author={Geyer, Tobias},
  year={2005},
  publisher={Cuvillier Verlag}
}

@book{aastrom2013computer,
  title={Computer-controlled systems: theory and design},
  author={{\AA}str{\"o}m, Karl J and Wittenmark, Bj{\"o}rn},
  year={2013},
  publisher={Courier Corporation}
}

@book{bela2005iranyitasi,
  title={Ir{\'a}ny{\'\i}t{\'a}si rendszerek elm{\'e}lete {\'e}s tervez{\'e}se},
  author={B{\'e}la, Lantos},
  year={2005},
  publisher={Akad{\'e}miai K.}
}

@book{levine2018control,
  title={The Control Handbook (three volume set)},
  author={Levine, William S},
  year={2018},
  publisher={CRC press}
}

@book{goodwin2006constrained,
  title={Constrained control and estimation: an optimisation approach},
  author={Goodwin, Graham and Seron, Mar{\'\i}a M and De Don{\'a}, Jos{\'e} A},
  year={2006},
  publisher={Springer Science \& Business Media}
}

@article{mayne2000constrained,
  title={Constrained model predictive control: Stability and optimality},
  author={Mayne, David Q and Rawlings, James B and Rao, Christopher V and Scokaert, Pierre OM},
  journal={Automatica},
  volume={36},
  number={6},
  pages={789--814},
  year={2000},
  publisher={Elsevier}
}

@article{grieder2005stabilizing,
  title={Stabilizing low complexity feedback control of constrained piecewise affine systems},
  author={Grieder, Pascal and Kvasnica, Michal and Baoti{\'c}, Mato and Morari, Manfred},
  journal={Automatica},
  volume={41},
  number={10},
  pages={1683--1694},
  year={2005},
  publisher={Elsevier}
}

@article{keerthi1988optimal,
  title={Optimal infinite-horizon feedback laws for a general class of constrained discrete-time systems: Stability and moving-horizon approximations},
  author={Keerthi, SS a and Gilbert, Elmer G},
  journal={Journal of optimization theory and applications},
  volume={57},
  number={2},
  pages={265--293},
  year={1988},
  publisher={Springer}
}

@article{mayne1990receding,
  title={Receding horizon control of nonlinear systems},
  author={Mayne, David Q and Michalska, Hannah},
  journal={IEEE Transactions on automatic control},
  volume={35},
  number={7},
  pages={814--824},
  year={1990},
  publisher={IEEE}
}

@article{jones2006logarithmic,
  title={A logarithmic-time solution to the point location problem for parametric linear programming},
  author={Jones, Colin Neil and Grieder, Pascal and Rakovi{\'c}, Sa{\v{s}}a V},
  journal={Automatica},
  volume={42},
  number={12},
  pages={2215--2218},
  year={2006},
  publisher={Elsevier}
}

@article{tondel2003evaluation,
  title={Evaluation of piecewise affine control via binary search tree},
  author={T{\o}ndel, Petter and Johansen, Tor Arne and Bemporad, Alberto},
  journal={Automatica},
  volume={39},
  number={5},
  pages={945--950},
  year={2003},
  publisher={Elsevier}
}

@phdthesis{tondel2003constrained,
  title={Constrained optimal control via multiparametric quadraticprogramming.},
  author={T{\o}ndel, Petter and Trondheim, N},
  year={2003},
  school={Citeseer}
}




















%%% Unbalance Article
@Article{du2011appliance,
  Title                    = {Appliance commitment for household load scheduling},
  Author                   = {Du, Pengwei and Lu, Ning},
  Journal                  = {IEEE Transactions on Smart Grid},
  Year                     = {2011},
  Number                   = {2},
  Pages                    = {411--419},
  Volume                   = {2},
  Publisher                = {IEEE},
}

@article{wang2014virtual,
  title={Virtual-impedance-based control for voltage-source and current-source converters},
  author={Wang, Xiongfei and Li, Yun Wei and Blaabjerg, Frede and Loh, Poh Chiang},
  journal={IEEE Transactions on Power Electronics},
  volume={30},
  number={12},
  pages={7019--7037},
  year={2014},
  publisher={IEEE},
}

@article{guo2018advanced,
  title={Advanced control of grid-connected current source converter under unbalanced grid voltage conditions},
  author={Guo, Xiaoqiang and Yang, Yong and Zhang, Xue},
  journal={IEEE Transactions on Industrial Electronics},
  volume={65},
  number={12},
  pages={9225--9233},
  year={2018},
  publisher={IEEE},
}

@article{vekhande2015control,
  title={Control of three-phase bidirectional current-source converter to inject balanced three-phase currents under unbalanced grid voltage condition},
  author={Vekhande, Vishal and Kanakesh, VK and Fernandes, Baylon G},
  journal={IEEE Transactions on power electronics},
  volume={31},
  number={9},
  pages={6719--6737},
  year={2015},
  publisher={IEEE},
}

@article{wang2016dc,
  title={DC-link current ripple mitigation for current-source grid-connected converters under unbalanced grid conditions},
  author={Wang, Zheng and Wu, Bin and Xu, Dewei and Cheng, Ming and Xu, Liang},
  journal={IEEE Transactions on Industrial Electronics},
  volume={63},
  number={8},
  pages={4967--4977},
  year={2016},
  publisher={IEEE},
}

@inproceedings{betz2006symmetry,
  title={Symmetry compensation using a H-bridge multilevel STATCOM with zero sequence injection},
  author={Betz, RE and Summers, T and Furney, T and others},
  booktitle={Industry Applications Conference, 2006. 41st IAS Annual Meeting. Conference Record of the 2006 IEEE},
  volume={4},
  pages={1724--1731},
  year={2006},
}

@article{hang2015online,
  title={Online interturn fault diagnosis of permanent magnet synchronous machine using zero-sequence components},
  author={Hang, Jun and Zhang, Jianzhong and Cheng, Ming and Huang, Jin},
  journal={IEEE Transactions on Power Electronics},
  volume={30},
  number={12},
  pages={6731--6741},
  year={2015},
  publisher={IEEE},
}

@article{inoue2007bidirectional,
  title={A bidirectional DC--DC converter for an energy storage system with galvanic isolation},
  author={Inoue, Shigenori and Akagi, Hirofumi},
  journal={IEEE Transactions on Power Electronics},
  volume={22},
  number={6},
  pages={2299--2306},
  year={2007},
  publisher={IEEE},
}

@article{kheraluwala1992performance,
  title={Performance characterization of a high-power dual active bridge DC-to-DC converter},
  author={Kheraluwala, MN and Gascoigne, Randal W and Divan, Deepakraj M and Baumann, Eric D},
  journal={IEEE Transactions on industry applications},
  volume={28},
  number={6},
  pages={1294--1301},
  year={1992},
  publisher={IEEE},
}

@book{horn2012matrix,
  title={Matrix analysis},
  author={Horn, Roger A and Johnson, Charles R},
  year={2012},
  publisher={Cambridge university press},
}

@book{rossiter2017model,
  title={Model-based predictive control: a practical approach},
  author={Rossiter, J Anthony},
  year={2017},
  publisher={CRC press},
}

@article{hough2001asynchronous,
  title={Asynchronous parallel pattern search for nonlinear optimization},
  author={Hough, Patricia D and Kolda, Tamara G and Torczon, Virginia J},
  journal={SIAM Journal on Scientific Computing},
  volume={23},
  number={1},
  pages={134--156},
  year={2001},
  publisher={SIAM},
}

@incollection{kolda2003understanding,
  title={Understanding asynchronous parallel pattern search},
  author={Kolda, Tamara G and Torczon, Virginia J},
  booktitle={High Performance Algorithms and Software for Nonlinear Optimization},
  pages={323--342},
  year={2003},
  publisher={Springer},
}





%1
@article{vajda2017limiting,
  title={Limiting static and dynamic characteristics of an induction motor under frequency vector control},
  author={Vajda, Istvan and Dementyev, Yury N and Negodin, Kirill N and Kojain, Nikolay V and Udut, Leonid S and Chesnokova, Irina A and others},
  journal={Acta Polytechnica Hungarica},
  volume={14},
  number={6},
  pages={7--27},
  year={2017},
  publisher={Budapest Tech Polytechnic Institution},
}

%2
@article{ghalem2010six,
  title={Six-phase matrix converter fed double star induction motor},
  author={Ghalem, Bachir and Azeddine, Bendiabdellah},
  journal={Acta Polytechnica Hungarica},
  volume={7},
  number={3},
  pages={163--176},
  year={2010},
}

%3
@article{gupta2014two,
  title={Two-Area Power System Stability Improvement using a Robust Controller-based CSC-STATCOM},
  author={Gupta, Sandeep and Tripathi, Ramesh Kumar},
  journal={Acta Polytechnica Hungarica},
  volume={11},
  number={7},
  pages={135--155},
  year={2014},
}
%4
@article{chen2016single,
  title={Single-stage three-phase current-source photovoltaic grid-connected inverter high voltage transmission ratio},
  author={Chen, Daolian and Jiang, Jiahui and Qiu, Yanhui and Zhang, Jie and Huang, Fusong},
  journal={IEEE Transactions on Power Electronics},
  volume={32},
  number={10},
  pages={7591--7601},
  year={2016},
  publisher={IEEE},
}
%5
@inproceedings{exposto2015predictive,
  title={Predictive control of a current-source inverter for solar photovoltaic grid interface},
  author={Exposto, Bruno and Rodrigues, Rui and Pinto, JG and Monteiro, V{\'\i}tor and Pedrosa, Delfim and Afonso, Jo{\~a}o L},
  booktitle={2015 9th International Conference on Compatibility and Power Electronics (CPE)},
  pages={113--118},
  year={2015},
  organization={IEEE},
}
%6
@article{chebre2011speed,
  title={Speed control of induction motor using genetic algorithm-based PI controller},
  author={Chebre, M‚Äôhamed and Meroufel, Abdelkader and Bendaha, Yessema},
  journal={Acta Polytechnica Hungarica},
  volume={8},
  number={6},
  pages={141--153},
  year={2011},
}
%7
@article{salloum2014robust,
  title={Robust PID controller design for a Real Electromechanical Actuator},
  author={Salloum, Rafik and Moaveni, Bijan and Arvan, Mohammad Reza},
  journal={Acta Polytechnica Hungarica},
  volume={11},
  number={5},
  pages={125--144},
  year={2014},
}
%8
@article{neukirchner2017voltage,
  title={Voltage unbalance reduction in the domestic distribution area using asymmetric inverters},
  author={Neukirchner, L{\'a}szl{\'o} and G{\"o}rbe, P{\'e}ter and Magyar, Attila},
  journal={Journal of cleaner production},
  volume={142},
  pages={1710--1720},
  year={2017},
  publisher={Elsevier},
  keywords={sajat},
}
%9
@article{tahri2012digital,
  title={The digital self-tuning control of step a down DC-DC converter},
  author={Tahri, Fatima and Tahri, Ali and Allali, Ahmed and Flazi, Samir},
  journal={Acta Polytechnica Hungarica},
  volume={9},
  number={6},
  pages={49--64},
  year={2012},
}
%10
@inproceedings{gao2017model,
  title={Model predictive control for five-level current source converter with DC current balancing capability},
  author={Gao, Hang and Xu, Dewei and Wu, Bin and Zargari, Navid R},
  booktitle={IECON 2017-43rd Annual Conference of the IEEE Industrial Electronics Society},
  pages={8230--8235},
  year={2017},
  organization={IEEE},
}
%11
@article{han2010control,
  title={Control Strategies, Robustness Analysis, Digital Simulation and Practical Implementation for a Hybrid APF with a Resonant Ac-link},
  author={Han, Yang and Xu, Lin and Khan, Muhammad Mansoor and Chen, Chen},
  journal={Acta polytechnica hungarica},
  volume={7},
  number={5},
  year={2010},
}
%12
@article{venkatraman2018multilevel,
  title={Multilevel Inverter Topology with Modified Pulse Width Modulation and Reduced Switch Count},
  author={Venkatraman, Thiyagarajan and Periasamy, Somasundaram},
  journal={Acta Polytechnica Hungarica},
  volume={15},
  number={2},
  year={2018},
}
%13
@inproceedings{feroura2017finite,
  title={Finite-set model predictive voltage control for islanded three phase current source inverter},
  author={Feroura, Hamza and Krim, Fateh and Tabli, Billel and Laib, Abdelbaset},
  booktitle={2017 5th International Conference on Electrical Engineering-Boumerdes (ICEE-B)},
  pages={1--5},
  year={2017},
  organization={IEEE},
}
%14
@inproceedings{yan2015study,
  title={Study of Effective Vector Synthesis Sequence for Three-Phase Current Rectifier},
  author={Yan, Zhaoyang and Xu, Xiaomeng and Yang, Zhenxing and Wu, Xiaoyu and Wang, Yuepeng},
  booktitle={2015 Fifth International Conference on Instrumentation and Measurement, Computer, Communication and Control (IMCCC)},
  pages={1065--1070},
  year={2015},
  organization={IEEE},
}
%15
@article{urmos2017application,
  title={Application of self-organizing maps for technological support of droplet epitaxy},
  author={{\"U}rm{\"o}s, Antal and Farkas, Zolt{\'a}n and Farkas, M{\'a}rk and S{\'a}ndor, Tam{\'a}s and K{\'o}czy, L{\'a}szl{\'o} T and Nemcsics, {\'A}kos},
  journal={Acta Polytechnica Hungarica},
  volume={14},
  number={4},
  pages={207--224},
  year={2017},
  publisher={Obuda University},
}
%16
@article{chatterjee2008augmented,
  title={Augmented stable fuzzy control for flexible robotic arm using LMI approach and neuro-fuzzy state space modeling},
  author={Chatterjee, Amitava and Chatterjee, Ranajit and Matsuno, Fumitoshi and Endo, Takahiro},
  journal={IEEE transactions on industrial electronics},
  volume={55},
  number={3},
  pages={1256--1270},
  year={2008},
  publisher={IEEE},
}
%17
@article{haidegger2012simulation,
  title={Simulation and control for telerobots in space medicine},
  author={Haidegger, Tam{\'a}s and Kov{\'a}cs, Levente and Precup, Radu-Emil and Beny{\'o}, Bal{\'a}zs and Beny{\'o}, Zolt{\'a}n and Preitl, Stefan},
  journal={Acta Astronautica},
  volume={81},
  number={1},
  pages={390--402},
  year={2012},
  publisher={Elsevier},
}
%18
@article{vrkalovic2018model,
  title={Model-free sliding mode and fuzzy controllers for reverse osmosis desalination plants},
  author={Vrkalovic, Sasa and Lunca, Elena-Cristina and Borlea, Ioan-Daniel},
  journal={Int. J. Artif. Intell},
  volume={16},
  number={2},
  pages={208--222},
  year={2018},
}
%19
@article{regaya2014new,
  title={A new sliding mode speed observer of electric motor drive based on fuzzy-logic},
  author={Regaya, Chiheb Ben and Zaafouri, Abderrahmen and Chaari, Abdelkader},
  journal={Acta Polytechnica Hungarica},
  volume={11},
  number={3},
  pages={219--232},
  year={2014},
}
%20
@article{szell2014mathematical,
  title={Mathematical basis of sliding mode control of an uninterruptible power supply},
  author={Sz{\'e}ll, K{\'a}roly and Korondi, P{\'e}ter},
  journal={Acta Polytechnica Hungarica},
  volume={11},
  number={03},
  pages={87--106},
  year={2014},
  publisher={Obuda University},
}
%21
@inproceedings{kelemen2010constrained,
  title={Constrained optimal direct power control of voltage-source PWM rectifiers},
  author={Kelemen, Andr{\'a}s and Kutasi, Nimr{\'o}d and Imecs, M{\'a}ria and Incze, Ioan Iov},
  booktitle={2010 IEEE 14th International Conference on Intelligent Engineering Systems},
  pages={249--254},
  year={2010},
  organization={IEEE},
}
%22
@article{ahmed2014model,
  title={Model predictive controller-based single phase pulse width modulation (PWM) inverter for UPS systems},
  author={Ahmed, Syed Faiz and Azim, Ch Fahad and Desa, Hazry and Hussain, Abadal-Salam T},
  journal={Acta Polytechnica Hungarica},
  volume={11},
  number={6},
  pages={23--38},
  year={2014},
  publisher={BUDAPEST TECH BECSI UT 96-B, BUDAPEST, H-1034, HUNGARY},
}
%23
@inproceedings{rivera2013predictive,
  title={Predictive current control in a current source inverter operating with low switching frequency},
  author={Rivera, M and Kouro, S and Rodriguez, J and Wu, B and Yaramasu, V and Espinoza, J and Melila, P},
  booktitle={4th International Conference on Power Engineering, Energy and Electrical Drives},
  pages={334--339},
  year={2013},
  organization={IEEE},
}
%24
@inproceedings{godlewska2015predictive,
  title={Predictive control of current source rectifier},
  author={Godlewska, Agata and Sikorski, Andrzej},
  booktitle={2015 Selected Problems of Electrical Engineering and Electronics (WZEE)},
  pages={1--6},
  year={2015},
  organization={IEEE},
}
%25
@article{muthukumar2016adaptive,
  title={Adaptive model predictive controller for web transport systems},
  author={Muthukumar, N. and Srinivasan, Seshadhri and Ramkumar, K. and Kannan, K. and Balas, Valentina Emilia},
  journal={Acta Polytechnica Hungarica},
  volume={13},
  number={3},
  pages={181--194},
  year={2016},
}
%26
@inproceedings{kutasi2010constrained,
  title={Constrained optimal control of three-phase AC-DC boost converters},
  author={Kutasi, Nimr{\'o}d and Kelemen, Andr{\'a}s and Imecs, M{\'a}ria},
  booktitle={2010 IEEE International Conference on Automation, Quality and Testing, Robotics (AQTR)},
  volume={1},
  pages={1--6},
  year={2010},
  organization={IEEE},
}
%27
% -- duplicate
%28
@article{zhang2015simplified,
  title={Simplified model and control strategy of three-phase PWM current source rectifiers for DC voltage power supply applications},
  author={Zhang, Yu and Yi, Yongxian and Dong, Peimeng and Liu, Fangrui and Kang, Yong},
  journal={IEEE Journal of Emerging and Selected Topics in Power Electronics},
  volume={3},
  number={4},
  pages={1090--1099},
  year={2015},
  publisher={IEEE},
}
%29
@article{bemporad2002explicit,
  title={The explicit linear quadratic regulator for constrained systems},
  author={Bemporad, Alberto and Morari, Manfred and Dua, Vivek and Pistikopoulos, Efstratios N},
  journal={Automatica},
  volume={38},
  number={1},
  pages={3--20},
  year={2002},
  publisher={Elsevier},
}
%30
@inproceedings{herceg2013multi,
  title={Multi-parametric toolbox 3.0},
  author={Herceg, Martin and Kvasnica, Michal and Jones, Colin N and Morari, Manfred},
  booktitle={2013 European control conference (ECC)},
  pages={502--510},
  year={2013},
  organization={IEEE},
  volume={1},
}
%31
% --- duplicate
%32
@article{moussaoui2005open,
  title={An open loop space vector PWM control for CSI-fed field-oriented induction motor drive with improved performances and reduced pulsating torque},
  author={Moussaoui, Leila and Moussi, Ammar},
  journal={WSEAS Trans.-Circuits and Systems},
  number={2},
  pages={71--77},
  year={2005},
	volume={1},
}
%33
@inproceedings{kvasnica2010automatic,
  title={Automatic code generation for real-time implementation of model predictive control},
  author={Kvasnica, Michal and Rauov{\'a}, Ivana and Fikar, Miroslav},
  booktitle={2010 IEEE International Symposium on Computer-Aided Control System Design},
  pages={993--998},
  year={2010},
  organization={IEEE},
}
%34 - only link: Constrained Predictive Control of Three-Phase Buck Rectifiers Simulation details, http://virt.uni-pannon.hu/ver/index.php/en/projects/30-empc-csr, 2019
%@article{neukirchner2019linkedmodel,
%  title={Constrained Predictive Control of Three-Phase Buck Rectifiers},
%  author={Neukirchner, L{\'a}szl{\'o} and Kutasi, Nimr{\'o}d and Kelemen, Andr{\'a}s and Fodor, Attila and Magyar, Attila},
%  %booktitle={http://virt.uni-pannon.hu/ver/index.php/en/projects/30-empc-csr},
%  volume={1},
%  pages={41--60},
%  year={2020},
%  %organization={University of Pannonia},
%  keywords={sajat},
%}

@article{neukirchner2019linkedmodel,
  title={Constrained Predictive Control of Three-PhaseBuck Rectifiers},
  author={Neukirchner, L{\'a}szl{\'o} Rich{\'a}rd and Magyar, Attila and Fodor, Attila and Kutasi, Nimr{\'o}d D{\'e}nes and Kelemen, Andr{\'a}s},
  journal={Acta Polytechnica Hungarica},
  volume={17},
  number={1},
  year={2020},
  keywords={sajat}
}


%35
@book{borrelli2017predictive,
  title={Predictive control for linear and hybrid systems},
  author={Borrelli, Francesco and Bemporad, Alberto and Morari, Manfred},
  year={2017},
  publisher={Cambridge University Press},
}

@inproceedings{kutasi2008vector,
  title={Vector control of induction motor drives with model based predictive current controller},
  author={Kutasi, Nimrod and Kelemen, Andras and Imecs, Maria},
  booktitle={2008 IEEE International Conference on Computational Cybernetics},
  pages={21--26},
  year={2008},
  organization={IEEE}
}


%===================== BASIC NOITIONS UNBALANCE================

@inproceedings{robert1992assessing,
  title={Assessing voltage quality with relation to harmonics, flicker and unbalance},
  author={Robert, A and Marquet, J},
  booktitle={International Conference on Large High Voltage Electric Systems},
  volume={2},
  pages={36--203},
  year={1992},
}

@InProceedings{eugene1986new,
  author    = {Eugene, C.},
  title     = {A new simple and effective approximate formulation for determination of three-phase unbalance by the voltmeter method},
  booktitle = {CIGRE 1986},
  year      = {1986},
  pages     = {11},
}

@inproceedings{bonnett1997understanding,
  title={Understanding the NEMA motor-generator standards of section MG-1-1993, revision 3, three-phase induction motors},
  author={Bonnett, Austin H and Soukup, GC},
  booktitle={Record of Conference Papers. IEEE Industry Applications Society 44th Annual Petroleum and Chemical Industry Conference},
  pages={225--238},
  year={1997},
  organization={IEEE},
}

@inproceedings{IEEE_112_8635630,
author={},
journal={IEEE Std C37.112-2018 (Revision of IEEE Std C37.112-1996)},
title={\textsc{IEEE} Standard for Inverse-Time Characteristics Equations for Overcurrent Relays},
year={2019},
volume={},
number={},
pages={1-25},
keywords={IEEE Standards;Power system relaying;Relays;Switchgear;inverse-time characteristics;overcurrent relays},
doi={10.1109/IEEESTD.2019.8635630},
ISSN={null},
}

@InProceedings{IEEE_141_35071,
  author={},
  title    = {\textsc{IEEE} Recommended Practice for Electric Power Distribution for Industrial Plants (IEEE Red Book)},
  year     = {1986},
  pages    = {1-609},
  doi      = {10.1109/IEEESTD.1986.86376},
  issn     = {null},
  journal  = {ANSI/IEEE Std 141-1986},
  keywords = {distribution networks;industrial plants;power supplies to apparatus;standards;IEEE red book;ANSI/IEEE standard 141-1986;electric power distribution;industrial plant;surge voltage protection;electrical energy conservation;electrical design criteria;reliability;voltage regulation;load conditions;maintenance;inspection;flexibility;Industrial plants;Power supplies;Standards},
}


@inproceedings{IEEE_936_29053,
author={},
journal={ANSI/IEEE Std 936-1987},
title={\textsc{IEEE} Guide for Self-Commutated Converters},
year={1987},
volume={},
number={},
pages={},
keywords={commutation;power convertors;standards;thyristor applications;self-commutated power converters;switching devices;transistors;gate turn-off thyristors;circuit-commutated thyristors;capacitors;power conversion;Power conversion;Standards;Thyristor applications},
doi={10.1109/IEEESTD.1987.81536},
ISSN={null},
}

%@ARTICLE{IEEE_936_29053,
%author={},
%journal={ANSI/IEEE Std 936-1987},
%title={IEEE Guide for Self-Commutated Converters},
%year={1987},
%volume={},
%number={},
%pages={1},
%keywords={commutation;power convertors;standards;thyristor applications;self-commutated power converters;switching devices;transistors;gate turn-off thyristors;circuit-commutated thyristors;capacitors;power conversion;Power conversion;Standards;Thyristor applications},
%doi={10.1109/IEEESTD.1987.81536},
%ISSN={null},
%month={},
%}

@article{pillay2001definitions,
  title={Definitions of voltage unbalance},
  author={Pillay, P and Manyage, M},
  journal={IEEE Power Engineering Review},
  volume={21},
  number={5},
  pages={50--51},
  year={2001},
}

@article{dugan1996electrical,
  title={Electrical power systems quality},
  author={Dugan, Roger C and McGranaghan, Mark F and Beaty, H Wayne},
  journal={New York, NY: McGraw-Hill,| c1996},
  year={1996},
}

@inproceedings{wang2000analytical,
  title={An analytical study on steady-state performance of an induction motor connected to unbalanced three-phase voltage},
  author={Wang, Yaw-Juen},
  booktitle={2000 IEEE Power Engineering Society Winter Meeting. Conference Proceedings (Cat. No. 00CH37077)},
  volume={1},
  pages={159--164},
  year={2000},
  organization={IEEE},
}

@article{pierrat1987unbalance,
  title={Unbalance factor it is as simple as ABC},
  author={Pierrat, L and Meyer, JP},
  journal={Revue G{\'e}n{\'e}rale de l‚Äô{\'E}lectricit{\'e}},
  number={6},
  pages={18--26},
  year={1987},
	volume={1},
}

@article{fortescue1918method,
  title={Method of symmetrical co-ordinates applied to the solution of polyphase networks},
  author={Fortescue, Charles L},
  journal={Transactions of the American Institute of Electrical Engineers},
  volume={37},
  number={2},
  pages={1027--1140},
  year={1918},
  publisher={IEEE},
}

@article{wang2001analysis,
  title={Analysis of effects of three-phase voltage unbalance on induction motors with emphasis on the angle of the complex voltage unbalance factor},
  author={Wang, Yaw-Juen},
  journal={IEEE Transactions on energy conversion},
  volume={16},
  number={3},
  pages={270--275},
  year={2001},
  publisher={IEEE},
}

@inproceedings{singh2007some,
  title={Some observations on definitions of voltage unbalance},
  author={Singh, Asheesh K and Singh, GK and Mitra, R},
  booktitle={2007 39th North American Power Symposium},
  pages={473--479},
  year={2007},
  organization={IEEE},
}

@article{chen2013examination,
  title={Examination of the definitions of voltage unbalance},
  author={Chen, Tsai-Hsiang and Yang, Cheng-Han and Yang, Nien-Che},
  journal={International Journal of Electrical Power \& Energy Systems},
  volume={49},
  pages={380--385},
  year={2013},
  publisher={Elsevier},
}

@article{gnacinski2019induction,
  title={Induction cage machine thermal transients under lowered voltage quality},
  author={Gnaci{\'n}ski, Piotr and Pepli{\'n}ski, Marcin and Hallmann, Damian and Jankowski, Piotr},
  journal={IET Electric Power Applications},
  volume={13},
  number={4},
  pages={479--486},
  year={2019},
  publisher={IET},
}

@article{savaghebi2012secondary,
  title={Secondary control scheme for voltage unbalance compensation in an islanded droop-controlled microgrid},
  author={Savaghebi, Mehdi and Jalilian, Alireza and Vasquez, Juan C and Guerrero, Josep M},
  journal={IEEE Transactions on Smart Grid},
  volume={3},
  number={2},
  pages={797--807},
  year={2012},
  publisher={IEEE},
}

@inproceedings{brekken2005control,
  title={Control of a doubly-fed induction wind generator under unbalanced grid voltage conditions},
  author={Brekken, Ted and Mohan, Ned and Undeland, Tore},
  booktitle={2005 European Conference on Power Electronics and Applications},
  pages={10--pp},
  year={2005},
  organization={IEEE},
}

@inproceedings{siddique2004effects,
  title={Effects of voltage unbalance on induction motors},
  author={Siddique, Arfat and Yadava, GS and Singh, Bhim},
  booktitle={Conference Record of the 2004 IEEE International Symposium on Electrical Insulation},
  pages={26--29},
  year={2004},
  organization={IEEE},
}



%==============================================================



%\bibitem[{Araujo et~al.(2013)}]{araujo2013three}
%L.~R. Araujo, D.~R.~R. Penido, S.~Carneiro, J.~L.~R. Pereira, A three-phase
%  optimal power-flow algorithm to mitigate voltage unbalance, IEEE Transactions
%  on Power Delivery 28~(4) (2013) 2394--2402.
@article{araujo2013three,
  title={A three-phase optimal power-flow algorithm to mitigate voltage unbalance},
  author={Araujo, Leandro Ramos and Penido, DRR and Carneiro, Sandoval and Pereira, Jos{\'e} Luiz R},
  journal={IEEE Transactions on Power Delivery},
  volume={28},
  number={4},
  pages={2394--2402},
  year={2013},
  publisher={IEEE},
}

%\bibitem[{Arnborg et~al.(1997)}]{arn1997under-voltage}\textcolor{olive}{
%S.~Arnborg, G.~Andersson, D.~Hill, I.~Hiskens, On under-voltage load shedding in power systems,
% International Journal of Electrical Power \& Energy Systems 19~(2) (1997) 141--149.}
@article{arn1997under-voltage,
  title={On undervoltage load shedding in power systems},
  author={Arnborg, Stefan and Andersson, G{\"o}ran and Hill, David J and Hiskens, Ian A},
  journal={International Journal of Electrical Power \& Energy Systems},
  volume={19},
  number={2},
  pages={141--149},
  year={1997},
  publisher={Elsevier},
}

%\bibitem[{Ates et~al.(2016)}]{ates2016}
%Y.~Ates, M.~Uzunoglu, A.~Karakas, A.~R.~Boynuegri, A.~Nadar, B.~Dag, Implementation of adaptive relay coordination in distribution systems including distributed generation, Journal of
%  Cleaner Production 112 (2016) 2697--2705.
@article{ates2016,
  title={Implementation of adaptive relay coordination in distribution systems including distributed generation},
  author={Ates, Yavuz and Uzunoglu, Mehmet and Karakas, Arif and Boynuegri, Ali Rifat and Nadar, Abdullah and Dag, Bulent},
  journal={Journal of cleaner production},
  volume={112},
  pages={2697--2705},
  year={2016},
  publisher={Elsevier},
}

%\bibitem[{Bina and Kashefi(2013)}]{bina2011three}
%M.~T. Bina, A.~Kashefi, Three-phase unbalance of distribution systems:
%  Complementary analysis and experimental case study, International Journal of
%  Electrical Power \& Energy Systems 33~(4) (2011) 817--826.
@article{bina2011three,
  title={Three-phase unbalance of distribution systems: Complementary analysis and experimental case study},
  author={Bina, M Tavakoli and Kashefi, A},
  journal={International Journal of Electrical Power \& Energy Systems},
  volume={33},
  number={4},
  pages={817--826},
  year={2011},
  publisher={Elsevier},
}

%\bibitem[{Cucchiella et~al.(2013)}]{cucchiella2013environmental}
%F.~Cucchiella, I.~D'Adamo, S.~L. Koh, Environmental and economic analysis of
%  building integrated photovoltaic systems in {I}talian regions, Journal of
%  Cleaner Production 98 (2013) 241--252.
@article{cucchiella2013environmental,
  title={Environmental and economic analysis of building integrated photovoltaic systems in Italian regions},
  author={Cucchiella, Federica and D'Adamo, Idiano and Koh, SC Lenny},
  journal={Journal of Cleaner Production},
  volume={98},
  pages={241--252},
  year={2015},
  publisher={Elsevier},
}

%
%\bibitem[{G\"orbe et~al.(2012)}]{gorbe2012reduction}
%P.~G{\"o}rbe, A.~Magyar, K.~M. Hangos, Reduction of power losses with smart
%  grids fueled with renewable sources and applying ev batteries, Journal of
%  Cleaner Production 34 (2012) 125--137.
@article{gorbe2012reduction,
  title={Reduction of power losses with smart grids fueled with renewable sources and applying EV batteries},
  author={G{\"o}rbe, P{\'e}ter and Magyar, Attila and Hangos, Katalin M},
  journal={Journal of cleaner production},
  volume={34},
  pages={125--137},
  year={2012},
  publisher={Elsevier},
}

%\bibitem[{G\"orbe et~al.(2014)}]{Gorbe2014experimental}
%P.~G{\"o}rbe, A.~Fodor, A.~Magyar, K.~M. Hangos, Experimental study of the
%  nonlinear distortion caused by domestic power plants, Applied Thermal
%  Engineering 70~(2) (2014) 1288--1293.
@article{Gorbe2014experimental,
  title={Experimental study of the nonlinear distortion caused by domestic power plants},
  author={G{\"o}rbe, Peter and Fodor, Attila and Magyar, Attila and Hangos, Katalin M},
  journal={Applied Thermal Engineering},
  volume={70},
  number={2},
  pages={1288--1293},
  year={2014},
  publisher={Elsevier},
}

%  \bibitem[{Hu et~al.(2016)}]{Hu2016264}
%  J.~Hu, M.~Marinelli, M.~Coppo, A.~Zecchino, H.~W. Bindner, Coordinated voltage
%    control of a decoupled three-phase on-load tap changer transformer and
%    photovoltaic inverters for managing unbalanced networks, Electric Power
%    Systems Research 131~(1) (2016) 264 -- 274.
@article{Hu2016264,
  title={Coordinated voltage control of a decoupled three-phase on-load tap changer transformer and photovoltaic inverters for managing unbalanced networks},
  author={Hu, Junjie and Marinelli, Mattia and Coppo, Massimiliano and Zecchino, Antonio and Bindner, Henrik W},
  journal={Electric Power Systems Research},
  volume={131},
  pages={264--274},
  year={2016},
  publisher={Elsevier},
}

%\bibitem[{Huat et~al.(2015)}]{huat2015integration}
%S.~L. Huat, Y.~Yonghuang, A.~A. Tay, Integration issues of lithium-ion battery
%  into electric vehicles battery pack, Journal of Cleaner Production, 113 (2016) 1032--1045.
@article{huat2015integration,
  title={Integration issues of lithium-ion battery into electric vehicles battery pack},
  author={Saw, Lip Huat and Ye, Yonghuang and Tay, Andrew AO},
  journal={Journal of Cleaner Production},
  volume={113},
  pages={1032--1045},
  year={2016},
  publisher={Elsevier},
}

%\bibitem[{Kaldellis et~al.(2009)}]{kaldellis2009optimum}
%J.~Kaldellis, M.~Simotas, D.~Zafirakis, E.~Kondili, Optimum autonomous
%  photovoltaic solution for the greek islands on the basisof energy pay-back
%  analysis, Journal of Cleaner Production 17~(15) (2009) 1311--1323.
@article{kaldellis2009optimum,
  title={Optimum autonomous photovoltaic solution for the Greek islands on the basisof energy pay-back analysis},
  author={Kaldellis, JK and Simotas, M and Zafirakis, D and Kondili, E},
  journal={Journal of Cleaner Production},
  volume={17},
  number={15},
  pages={1311--1323},
  year={2009},
  publisher={Elsevier},
}

%
%\bibitem[{Kini et~al.(2007)}]{kini2007novel}
%P.~G. Kini, R.~C. Bansal, R.~S. Aithal, A novel approach toward interpretation
%  and application of voltage unbalance factor, IEEE Transactions on Industrial
%  Electronics 54~(4) (2007) 2315--2322.
@article{kini2007novel,
  title={A novel approach toward interpretation and application of voltage unbalance factor},
  author={Kini, P Giridhar and Bansal, Ramesh C and Aithal, Radhakrishna S},
  journal={IEEE transactions on industrial electronics},
  volume={54},
  number={4},
  pages={2315--2322},
  year={2007},
  publisher={IEEE},
}

%
%\bibitem[{Korovkin et~al.(2014)}]{uimethod}
%N.~V. Korovkin, Q.~S. Vu, R.~Yazenin, F.~Oleg, N.~Silin, Method of unbalanced
%  power minimization in three-phase systems, Mathematics and Computers in
%  Science and Engineering Series, INASE-Saint Petersburg State Politechnical
%  University, Russia, 2014, pp. 134--137.
@inproceedings{uimethod,
  title={A method for minimization of unbalanced mode in three-phase power systems},
  author={Korovkin, NV and Vu, QS and Yazenin, RA},
  booktitle={2016 IEEE NW Russia Young Researchers in Electrical and Electronic Engineering Conference (EIConRusNW)},
  pages={611--614},
  year={2016},
  organization={IEEE},
}

%\bibitem[{Lee et~al.(1998)}]{lee1998effects}
%C.-Y. Lee, B.-K. Chen, W.-J. Lee, Y.-F. Hsu, Effects of various unbalanced
%  voltages on the operation performance of an induction motor under the same
%  voltage unbalance factor condition, Electric Power Systems Research 47~(3)
%  (1998) 153--163.
@article{lee1998effects,
  title={Effects of various unbalanced voltages on the operation performance of an induction motor under the same voltage unbalance factor condition},
  author={Lee, Ching-Yin and Chen, Bin-Kwie and Lee, Wei-Jen and Hsu, Yen-Feng},
  journal={Electric Power Systems Research},
  volume={47},
  number={3},
  pages={153--163},
  year={1998},
  publisher={Elsevier},
}

@article{lee2009new,
  title={New control method including state observer of voltage unbalance for grid voltage-source converters},
  author={Lee, Kevin and Jahns, Thomas M and Lipo, Thomas A and Blasko, Vladimir},
  journal={IEEE Transactions on Industrial Electronics},
  volume={57},
  number={6},
  pages={2054--2065},
  year={2009},
  publisher={IEEE},
}

%  \bibitem[{Li et~al.(2005)}]{li2005microgrid}
%  Y.~Li, D.~M. Vilathgamuwa, P.~C. Loh, Microgrid power quality enhancement using
%    a three-phase four-wire grid-interfacing compensator, IEEE Transactions on
%    Industry Applications 41~(6) (2005) 1707--1719.
@article{li2005microgrid,
  title={Microgrid power quality enhancement using a three-phase four-wire grid-interfacing compensator},
  author={Li, Yunwei and Vilathgamuwa, D Mahinda and Loh, Poh Chiang},
  journal={IEEE transactions on industry applications},
  volume={41},
  number={6},
  pages={1707--1719},
  year={2005},
  publisher={IEEE},
}

%\bibitem[{Lund et~al.(2015)}]{Lund2015}
%P.~D.~Lund, J.~Mikkola, J.~Ypy\"{a}, Smart energy system design for large clean power schemes in urban
%areas, Journal of Cleaner Production 103 (2015) 437--445.
@article{lund2015smart,
  title={Smart energy system design for large clean power schemes in urban areas},
  author={Lund, Peter D and Mikkola, Jani and Ypy{\"a}, J},
  journal={Journal of Cleaner Production},
  volume={103},
  pages={437--445},
  year={2015},
  publisher={Elsevier},
}

%\bibitem[{Martin et~al.(2015)}]{martin2015unbalance}
%A.~D. Martin, R.~S. Herrera, J.~R. Vazquez, P.~Crolla, G.~M. Burt, Unbalance
%  and harmonic distortion assessment in an experimental distribution network,
%  Electric Power Systems Research 127 (2015) 271--279.
@article{martin2015unbalance,
  title={Unbalance and harmonic distortion assessment in an experimental distribution network},
  author={Martin, Aranzazu D and Herrera, Reyes S and Vazquez, Jesus R and Crolla, Paul and Burt, Graeme M},
  journal={Electric Power Systems Research},
  volume={127},
  pages={271--279},
  year={2015},
  publisher={Elsevier},
}

% \bibitem[{Meersman et~al.(2011)}]{meersman2011three}
% B.~Meersman, B.~Renders, L.~Degroote, T.~Vandoorn, L.~Vandevelde, Three-phase
%   inverter-connected dg-units and voltage unbalance, Electric Power Systems
%   Research 81~(4) (2011) 899--906.
@article{meersman2011three,
  title={Three-phase inverter-connected DG-units and voltage unbalance},
  author={Meersman, Bart and Renders, Bert and Degroote, Lieven and Vandoorn, Tine and Vandevelde, Lieven},
  journal={Electric Power Systems Research},
  volume={81},
  number={4},
  pages={899--906},
  year={2011},
  publisher={Elsevier},
}

%\bibitem[{MVM (2013)}]{MVM2013}
%A. F\'abi\'an, M.~Hackl (Eds), Statistical data of the Hungarian electricity system, Mavir Hungarian Independent Transmission Operator Company, Ltd. (2013)
@article{MVM2013,
  title={Statistical data of the Hungarian electricity system},
  author={A. F\'abi\'an, M.~Hackl},
  journal={Mavir Hungarian Independent Transmission Operator Company, Ltd.},
  volume={},
  number={},
  pages={899--906},
  year={2013},
  publisher={MVM group},
}

@article{MVM2018,
  title={Statistical data of the Hungarian electricity system},
  author={A. Bicz\'ok},
  journal={Mavir Hungarian Independent Transmission Operator Company, Ltd.},
  volume={},
  number={},
  pages={1--100},
  year={2018},
  publisher={MVM group},
}
@article{Neukirchner2015,
  title={Carbon footprint reduction via voltage asymmetry compensation of three-phase low voltage grid utilizing small domestic power plants},
  author={Neukirchner, L{\'a}szl{\'o} and G{\"o}llei, Attila and G{\"o}rbe, P{\'e}ter and Magyar, Attila},
  journal={Chemical Engineering Transactions},
  volume={45},
  pages={283--288},
  year={2015},
	keywords={sajat},
}

%\bibitem[{Neukirchner et~al.(2015b)}]{neukirchner2015examination}
%L.~Neukirchner, P.~G{\"o}rbe, A.~Magyar, Examination of different voltage
%  asymmetry norms under transient behavior of three-phase low voltage power
%  systems containing small domestic power plants, in: PowerTech, 2015 IEEE
%  Eindhoven, IEEE, 2015, pp. 1--6.
@incollection{neukirchner2015examination,
  title={Examination of different voltage asymmetry norms under transient behavior of three-phase low voltage power systems containing small domestic power plants},
  author={Neukirchner, L{\'a}szl{\'o} and G{\"o}rbe, P{\'e}ter and Magyar, Attila},
  booktitle={PowerTech, 2015 IEEE Eindhoven},
  pages={1--6},
  year={2015},
  publisher={IEEE},
  keywords={sajat},
}

%
%\bibitem[{Ninad et~al.(2014)}]{Ninad2014control}
%N.A.~Ninad, L.~Lopes, Per-phase vector control strategy for a four-leg voltage source
% inverter operating with highly unbalanced loads in stand-alone hybrid systems,
% International Journal of Electrical Power \& Energy Systems  55~(1) (2014)
%  449 - 459.
@article{Ninad2014control,
  title={Per-phase vector control strategy for a four-leg voltage source inverter operating with highly unbalanced loads in stand-alone hybrid systems},
  author={Ninad, Nayeem Ahmed and Lopes, Luiz},
  journal={International Journal of Electrical Power \& Energy Systems},
  volume={55},
  pages={449--459},
  year={2014},
  publisher={Elsevier},
}

%\bibitem[{Ortega et~al.(2013)}]{ortega2013measurement}
%M.~Ortega, J.~Hern{\'a}ndez, O.~Garc{\'\i}a, Measurement and assessment of
%  power quality characteristics for photovoltaic systems: Harmonics, flicker,
%  unbalance, and slow voltage variations, Electric Power Systems Research 96
%  (2013) 23--35.
@article{ortega2013measurement,
  title={Measurement and assessment of power quality characteristics for photovoltaic systems: harmonics, flicker, unbalance, and slow voltage variations},
  author={Ortega, MJ and Hern{\'a}ndez, JC and Garc{\'\i}a, OG},
  journal={Electric Power Systems Research},
  volume={96},
  pages={23--35},
  year={2013},
  publisher={Elsevier},
}

%\bibitem[{Patnaik et~al.(2013)}]{Patnaik2013topologies}
%S.S.~Patnaik and A.K.~Panda, Three-level H-bridge and three H-bridges-based
% three-phase four-wire shunt active power filter topologies for high voltage applications,
% International Journal of Electrical Power \& Energy Systems  51~(1) (2013)
%  298 - 306.
@article{Patnaik2013topologies,
  title={Three-level H-bridge and three H-bridges-based three-phase four-wire shunt active power filter topologies for high voltage applications},
  author={Patnaik, Sushree Sangita and Panda, Anup Kumar},
  journal={International Journal of Electrical Power \& Energy Systems},
  volume={51},
  pages={298--306},
  year={2013},
  publisher={Elsevier},
}

%\bibitem[{Segui-Chilet et~al.(2013)}]{segui2007approach}
%S.~Segui-Chilet, F.~Gimeno-Sales, S.~Orts, G.~Garcer{\'a}, E.~Figueres,
%  M.~Alca{\~n}iz, R.~Masot, Approach to unbalance power active compensation
%  under linear load unbalances and fundamental voltage asymmetries,
%  International Journal of Electrical Power \& Energy Systems 29~(7) (2007)
%  526--539.
@article{segui2007approach,
  title={Approach to unbalance power active compensation under linear load unbalances and fundamental voltage asymmetries},
  author={Segui-Chilet, S and Gimeno-Sales, FJ and Orts, S and Garcera, G and Figueres, E and Alcaniz, M and Masot, R},
  journal={International Journal of Electrical Power \& Energy Systems},
  volume={29},
  number={7},
  pages={526--539},
  year={2007},
  publisher={Elsevier},
}

%\bibitem[{Shezan et~al.(2016)}]{shezan2016}
%SK.A.~Shezan, S.~Julai, M.~A.~Kibria, K.~R.~Ullah, R.~Saidur, W.~T.~Chong, R.~K.~Akikur, Performance analysis of an off-grid wind-PV (photovoltaic)-diesel-battery hybrid energy system feasible for remote areas,
% Journal of Cleaner Production  125 (2016)
%  121 - 132.
@article{shezan2016,
  title={Performance analysis of an off-grid wind-PV (photovoltaic)-diesel-battery hybrid energy system feasible for remote areas},
  author={Shezan, SK A and Julai, S and Kibria, MA and Ullah, KR and Saidur, R and Chong, WT and Akikur, RK},
  journal={Journal of Cleaner Production},
  volume={125},
  pages={121--132},
  year={2016},
  publisher={Elsevier},
}

%\bibitem[{Xu et~al.(2010)}]{xu2010voltage}
%Y.~Xu, L.~M. Tolbert, J.~D. Kueck, D.~T. Rizy, Voltage and current unbalance
%  compensation using a static var compensator, Power Electronics, IET 3~(6)
%  (2010) 977--988.
@article{xu2010voltage,
  title={Voltage and current unbalance compensation using a static var compensator},
  author={Xu, Yan and Tolbert, Leon M and Kueck, John D and Rizy, Dwight T},
  journal={IET Power Electronics},
  volume={3},
  number={6},
  pages={977--988},
  year={2010},
  publisher={IET},
}

%
%\bibitem[{Wen et~al.(2014)}]{wen2014approximate}
%H.~Wen, D.~Cheng, Z.~Teng, S.~Guo, F.~Li, Approximate algorithm for fast
%  calculating voltage unbalance factor of three-phase power system, IEEE
%  Transactions on Industrial Informatics 10~(3) (2014) 1799--1805.
@article{wen2014approximate,
  title={Approximate algorithm for fast calculating voltage unbalance factor of three-phase power system},
  author={Wen, He and Cheng, Da and Teng, Zhaosheng and Guo, Siyu and Li, Fuhai},
  journal={IEEE Transactions on Industrial Informatics},
  volume={10},
  number={3},
  pages={1799--1805},
  year={2014},
  publisher={IEEE},
}

%%%%%%%%%%%%% FOR BASIC NOTIONS

@inproceedings{kolar1996design,
  title={Design and experimental investigation of a three-phase high power density high efficiency unity power factor PWM (VIENNA) rectifier employing a novel integrated power semiconductor module},
  author={Kolar, Johann W and Ertl, Hans and Zach, Franz C},
  booktitle={Proceedings of Applied Power Electronics Conference. APEC'96},
  volume={2},
  pages={514--523},
  year={1996},
  organization={IEEE},
}

@inproceedings{zargari1993current,
  title={A current-controlled current source type unity power factor PWM rectifier},
  author={Zargari, NR and Joos, G},
  booktitle={Conference Record of the 1993 IEEE Industry Applications Conference Twenty-Eighth IAS Annual Meeting},
  pages={793--799},
  year={1993},
  organization={IEEE},
}

@article{sato1993state,
  title={State feedback control of current-type PWM AC-to-DC converters},
  author={Sato, Yukihiko and Kataoka, Teruo},
  journal={IEEE transactions on industry applications},
  volume={29},
  number={6},
  pages={1090--1097},
  year={1993},
  publisher={IEEE},
}

@article{malesani1987three,
  title={Three-phase AC/DC PWM converter with sinusoidal AC currents and minimum filter requirements},
  author={Malesani, Luigi and Tenti, Paolo},
  journal={IEEE Transactions on Industry Applications},
  number={1},
  pages={71--77},
  year={1987},
  publisher={IEEE},
}

@inproceedings{itoh1989steady,
  title={Steady-state and transient characteristics of a single-way step-down PWM GTO voltage-source convertor with sinusoidal supply currents},
  author={Itoh, R},
  booktitle={IEE Proceedings B (Electric Power Applications)},
  volume={136},
  number={4},
  pages={168--175},
  year={1989},
  organization={IET},
}

@article{tooth2000effects,
  title={Effects of using DC-side average current-mode control on a three-phase converter with an input filter and distorted supply},
  author={Tooth, Daniel John and Finney, Stephen Jon and Williams, Barry Wayne},
  journal={IEE Proceedings-Electric Power Applications},
  volume={147},
  number={6},
  pages={459--468},
  year={2000},
  publisher={IET},
}

@inproceedings{salo2005three,
  title={A three-switch current-source PWM rectifier with active filter function},
  author={Salo, Mika},
  booktitle={2005 IEEE 36th Power Electronics Specialists Conference},
  pages={2230--2236},
  year={2005},
  organization={IEEE},
}

@inproceedings{baumannnew,
  title={New wide input voltage range three-phase unity power factor rectifier formed by integration of a three-switch buck-derived front-end and a DC/DC boost converter output stage},
  author={Baumann, Martina and Drofenik, Uwe and Kolar, Johann W},
  booktitle={INTELEC. Twenty-Second International Telecommunications Energy Conference (Cat. No. 00CH37131)},
  pages={461--470},
  year={2000},
  organization={IEEE},
}

@article{nussbaumer2007comprehensive,
  title={Comprehensive design of a three-phase three-switch buck-type PWM rectifier},
  author={Nussbaumer, Thomas and Baumann, Martina and Kolar, Johann W},
  journal={IEEE Transactions on Power Electronics},
  volume={22},
  number={2},
  pages={551--562},
  year={2007},
  publisher={IEEE},
}

@article{baumann2005novel,
  title={A novel control concept for reliable operation of a three-phase three-switch buck-type unity-power-factor rectifier with integrated boost output stage under heavily unbalanced mains condition},
  author={Baumann, Martina and Kolar, Johann W},
  journal={IEEE Transactions on Industrial Electronics},
  volume={52},
  number={2},
  pages={399--409},
  year={2005},
  publisher={IEEE},
}

%% NON RELATED
@article{neukirchner2014quasi,
  title={Quasi-polynomial representation-based control of mechanical systems},
  author={Neukirchner, L{\'a}szl{\'o} and Magyar, Attila},
  journal={Hungarian Journal of Industry and Chemistry},
  volume={42},
  number={2},
  pages={91--95},
  year={2014},
  keywords={sajat},
}

@article{gollei2014measurement,
  title={Measurement-based Modelling and Simulation of a Hydrogengenerating Dry Cell for Complex Domestic Renewable Energy Systems},
  author={G{\"o}llei, Attila and G{\"o}rbe, P{\'e}ter and Magyar, Attila and Neukirchner, L{\'a}szl{\'o}},
  journal={Hungarian Journal of Industry and Chemistry},
  volume={42},
  number={2},
  pages={85--89},
  year={2014},
  keywords={sajat},
}

@article{neukirchner2011modeling,
  title={Modeling and Parameter Sensitivity Analysis of a Synchronous Motor},
  author={Neukirchner, L{\'a}szl{\'o} and Fodor, Attila and Magyar, Attila},
  journal={Hungarian Journal of Industry and Chemistry},
  volume={39},
  number={1},
  pages={147--152},
  year={2011},
  keywords={sajat},
}

@article{neukirchner2016modelling,
  title={Modelling a Three-Phase Current Source Inverter},
  author={Neukirchner, L{\'a}szl{\'o} and Magyar, Attila},
  journal={Hungarian Journal of Industry and Chemistry},
  volume={44},
  number={2},
  pages={105--111},
  year={2016},
  publisher={De Gruyter Open},
  keywords={sajat},
}




@Comment{jabref-meta: databaseType:bibtex;}
