% Irodalomjegyzék a doktori dolgozathoz, 2012. 01. 17.
%
%%%%%%  Felhasznált publikációk  %%%%%%

@ARTICLE{sg1,
  author = {A. Battaglini and J. Lilliestam and A. Haas and A. Patt},
  title = {Development of SuperSmart Grids for a more efficient utilisation
	of electricity from renewable sources},
  journal = {Journal of Cleaner Production},
  year = {2009},
  volume = {17},
  pages = {911--918}
}

@TECHREPORT{d,
  author = {C.I. Budeanu},
  title = {Puissance Rï¿½actives et Fictives},
  institution = {Bucarest: Institut National Roumain pour 1'ï¿½tude de I'amï¿½nagement
	et de 1'utilisation des sources d'ï¿½nergie},
  year = {1927},
  address = {http://wwwl.lib.uchicago.cdu/e/index.php3}
}

@ARTICLE{a,
  author = {J.M. Carrasco and L.G. Franquelo and J.T. Bialasiewicz and E. Galvï¿½n
	and R.C.P. Guisado and M.\'A.M. Prats and J.I. Leï¿½n and N.M. Alfonso},
  title = {Power-Electronic Systems for the Grid Integration of Renewable Energy
	Sources: A Survey},
  journal = {IEEE Transactions on Industrial Electronics},
  year = {2006},
  volume = {53(4)},
  pages = {1003--1015}
}

@ARTICLE{e,
  author = {A. Cerdeira and M.A. Alema and M. Estrada and D. Flandre},
  title = {Integral function method for determination of nonlinear harmonic
	distortion},
  journal = {Solid-State Electronics},
  year = {2004},
  volume = {48(12)},
  pages = {2225--2234}
}

@CONFERENCE{Dan2008,
  author = {Dan, A.;   Raisz, D.},
  title = {A novel methodology for measurement-based low-voltage loss estimation},
  booktitle = {Power Quality and Supply Reliability Conference, 2008. PQ 2008},
  year = {2008},
  pages = {85-92},
  address = {doi: 10.1109/PQ.2008.4653742},
  owner = {hangos},
  timestamp = {2011.10.18}
}



}

@CONFERENCE{k,
  author = {Péter G\"orbe and A. Magyar and K. M. Hangos},
  title = {{THD} Reduction with Grid Synchronized Inverterï¿½s Power Injection
	of Renewable Sources},
  booktitle = {20th International Symposium on Power Electronics, Electrical Drives,
	Automation and Motion (SPEEDAM)},
  year = {2010},
  pages = {1381--1386},
  address = {ISBN:978-1-4244-7919-1}
}

@CONFERENCE{i,
  author = {Péter G\"orbe and A. Magyar and K. M. Hangos},
  title = {Line Conditioning with Grid Synchronized Inverter's Power Injection
	of Renewable Sources in Nonlinear Distorted Mains},
  booktitle = {10th International PhD Workshop on Systems and Control, Hluboka nad Vltavou, Czech Republic},
  year = {2009},
  pages = {1--6},
  address = {ISBN:978-80-903834-3-2}
}

@ARTICLE{c,
  author = {E. Garcï¿½a-Canseco and R.Grino and R.Ortega and M.Salichs and A.M.
	Stankovic},
  title = {Power-Factor Compensation of Electrical Circuits: A Framework for
	Analysis and Design in the Nonlinear Nonsinusoidal Case},
  journal = {IEEE Control Systems Magazine},
  year = {2007},
  volume = {27(2)},
  pages = {46--49}
}

@ARTICLE{f,
  author = {L. R. Limongi and R. Bojoi and G.Griva and A Tenconi},
  title = {Comparing the Performance of Digital Signal Processor-Based Current
	Controllers for Three-Phase Active Power Filters},
  journal = {IEEE Industrial Electronics},
  year = {2009},
  volume = {3(1)},
  pages = {20--31}
}

@CONFERENCE{h,
  author = {L. R. Limongi and R. Bojoi and A. Tenconi and L. Clotea},
  title = {Single-phase inverter with power quality features for distributed
	generation systems},
  booktitle = {11th International Conference on Optimization of Electrical and Electronic
	Equipment},
  year = {2008},
  pages = {313--318}
}

@ARTICLE{b,
  author = {Y.K. Lo and T.P. Lee and K.H. Wu},
  title = {Grid-Connected Photovoltaic System With Power Factor Correction},
  journal = {IEEE Transactions on Industrial Electronics},
  year = {2008},
  volume = {55(5)},
  pages = {2224--2227}
}

@MISC{g,
  author = {Mathworks},
  title = {{M}atlab {S}imulink {S}im{P}ower{S}ystems {T}oolbox},
  howpublished = {Online: www.mathworks.com,  Accessed: 18.10.2011},
  year = {2009}
}


@MISC{net,
  author = {Microsoft},
  title = {{M}icrosoft .NET},
  howpublished = {Online: http://www.microsoft.com/net,  Accessed: 01.08.2012},
  year = {2009}
}

@MISC{Sftool,
  author = {Mathworks},
  title = {{M}atlab {S}urface {F}itting {T}ool},
  howpublished = {Online: www.mathworks.com,  Accessed: 06.06.2012},
  year = {2009}
}

@ARTICLE{ecar,
  author = {H. Mousazadeh and A. Keyhani and H. Mobli and U. Bardi and G. Lombardi
	and T. el Asmar},
  title = {Technical and economical assessment of a multipurpose electric vehicle
	for farmers},
  journal = {Journal of Cleaner Production},
  year = {2009},
  volume = {17},
  pages = {1556--1562}
}

@MISC{mvm,
  author = {MVM},
  title = {Statistical Data of the {H}ungarian Electricity System 2008},
  howpublished = {Online: www.mvm.hu/engine.aspx?page=statisztikai$\_$adatok,  Accessed:
	18.10.2011.},
  year = {2008},
  owner = {hangos},
  timestamp = {2011.10.18}
}

@ARTICLE{pf1,
  author = {E. Pouresmaeil and O. Gomis-Bellmunt and D. Montesinos-Miracle and
	J. Bergas-Janï¿½},
  title = {Multilevel converters control for renewable energy integration to
	the power grid},
  journal = {Energy},
  year = {2011},
  volume = {36},
  pages = {950--963}
}

@ARTICLE{sg2,
  author = {A. Purvins and H. Wilkening and G. Fulli and E. Tzimas and G. Celli
	and S. Mocci and F. Pilo and S. Tedde},
  title = {A {E}uropean supergrid for renewable energy: local impacts and far-reaching
	challenges},
  journal = {Journal of Cleaner Production},
  year = {2011},
  pages = {doi:10.1016/j.jclepro.2011.07.003}
}

@ARTICLE{Co,
  author = {G. Weiss and Q.-Ch. Zhong and T. C. Green and J. Liang},
  title = {{H}$_\infty$ Repetitive Control of DC-AC Converters in Microgrids},
  journal = {IEEE Tr. Power Electronics},
  year = {2004},
  volume = {19},
  pages = {219--230}
}

@ARTICLE{CurrContr,
  author = {L.R. Limongi,R. Bojoi,G Griva and A. Tenconi},
  title = {Comparing the Performance of Digital Signal Processor-Based Current Controllers for Three-Phase Active Power Filters},
  journal = {IEEE INDUSTRIAL ELECTRONICS MAGAZINE},
  year = {2009},
  volume = {March},
  pages = {20-31. doi:10.1109/MIE.2009.931894}
}

@ARTICLE{APF1,
  author = {W. M. El-Mamlouk, H. E. Mostafa, M. A. El-Sharkawy},
  title = {Active power filter controller for harmonic suppression in industrial distribution system},
  journal = {Ain Shams Engineering Journal},
  year = {2011},
  volume = {2},
  pages = {161-172}
}

@article{ba,
    author={A. Vasebi and M.Partovibakhsh and M. T. Bathaee},
    title={A novel combined battery model for state-of-charge estimation in lead-acid batteries based on extended {K}alman filter for hybrid electric vehicle applications},
    journal={Journal of Power Sources},
    year={2007},
    volume={174},
    pages={30--40},
}

@article{bb,
    author={Y. Hu and H. Yurkovich and Y. Guezennec and B. J. Yurkovich},
    title={Electro-thermal battery model identification for automotive applications},
    journal={Journal of Power Sources},
    year={2001},
    volume={196},
    pages={449--457},
}

@article{bc,
    author={D.H. Doughty and P. C. Butler and R. G.Jungst and E. P. Roth},
    title={Lithium Battery thermal models},
    journal={Journal of Power Sources},
    year={2002},
    volume={110},
    pages={357--363},
}

@article{bd,
    author={Y. Hu and S. Yurkovich},
    title={Linear parameter varying battery model identification using subspace methods},
    journal={Journal of Power Sources},
    year={2010},
    volume={196},
    pages={2913--2923},
}

@conference{bi,
    author={Péter G\"orbe and A. Magyar and K. M. Hangos},
    title={Line Conditioning with Grid Synchronized Inverter's Power Injection of Renewable Sources in Nonlinear Distorted Mains},
    booktitle={10th International PhD Workshop on Systems and Control},
    year={2009},
    address={Hluboka nad Vltavou, Czech Republic},
    note = {{I}SBN:978-80-903834-3-2},
    pages={1--6},
}

@conference{bk,
    author={Péter G\"orbe and A. Magyar and K. M. Hangos},
    title={{THD} Reduction with Grid Synchronized Inverterï¿½s Power Injection of Renewable Sources},
    booktitle={20th International Symposium on Power Electronics, Electrical Drives, Automation and Motion (SPEEDAM)},
    year={2010},
    pages={1381--1386},
    address={ISBN:978-1-4244-7919-1},
}

@article{bl,
    author={D. A. G. Redpath and D. Mcilveen-Wright and T. Kattakayam and N. J. Hewitt and J. Karlowski and U. Bardi},
    title={Battery Powered Electric Vehicles Charged Via Solar Photovoltaic Arrays Developed For Light Agricultural Duties In Remote Hilly Areas In The Southern Mediteranean Region},
    journal={Journal of Cleaner Production},
    year={2012},
    volume={in press},
    pages={DOI:10.1016/j.jclepro.2011.07.015},
}


@article{bm,
    author={M. Zackrisson and L. Avell\'an and J. Orlenius},
    title={Life cycle assessment of lithium-ion batteries for plug-in hybrid electric vehicles - {C}ritical issues},
    journal={Journal of Cleaner Production},
    year={2010},
    volume={18(15)},
    pages={1519-1529},
}

@article{bn,
    author={J. K. Kaldellis and M. Simotas and D. Zafirakis and E. Kondili},
    title={Optimum autonomous photovoltaic solution for the {G}reek islands on the basis of energy pay-back analysis},
    journal={Journal of Cleaner Production},
    year={2009},
    volume={17(15)},
    pages={1311-1323},
}

@article{bo,
    author={J. Leaver and K. Gillingham},
    title={Economic impact of the integration of alternative vehicle technologies into the {N}ew {Z}ealand vehicle fleet},
    journal={Journal of Cleaner Production},
    year={2010},
    volume={18(9)},
    pages={908-916},
}

@article{bp,
    author={T. M. Bandhauer and S. Garimella and T. F. Fuller},
    title={A Critical Review of Thermal Issues in Lithium-Ion Batteries},
    journal={Journal of Electrochemical Society},
    year={2011},
    volume={158(3)},
    pages={R1-R25},
    source = {wenku.baidu.com/view/b6398b5e3b3567ec102d8a70.html},
}


@article{bq,
    author={J. V. Mierlo and P. Van den Bossche and G. Maggetto},
    title={Models of energy sources for {EV} and {HEV}: fuel cells, batteries, ultracapacitors, flywheels and engine-generators},
    journal={Journal of Power Sources},
    year={2004},
    volume={128},
    pages={76-89},
}

@conference{br,
    author={V. H. Johnson and A. A Pesaran},
    title={Temperature-Dependent Battery Models for High-Power Lithium-lon Batteries},
    booktitle={Presented at the 17th Annual Electric Vehicle Symposium, Montreal, Canada, October 15-18},
    year={2000},
    pages={1-14},
    address={www.nrel.gov/docs/fy01osti/28716.pdf},
}

@article{bs,
title = "Battery cell state-of-charge estimation using linear parameter varying system techniques",
journal = "Journal of Power Sources",
volume = "198",
number = "0",
pages = "338 - 350",
year = "2012",
note = "",
issn = "0378-7753",
doi = "10.1016/j.jpowsour.2011.09.058",
url = "http://www.sciencedirect.com/science/article/pii/S0378775311018295",
author = "Y. Hu and S. Yurkovich",
}

@article{bt,
title = "Mathematical modeling of a lithium ion battery with thermal effects in COMSOL Inc. Multiphysics (MP) software",
journal = "Journal of Power Sources",
volume = "196",
number = "14",
pages = "5985 - 5989",
year = "2011",
note = "",
issn = "0378-7753",
doi = "10.1016/j.jpowsour.2011.03.017",
url = "http://www.sciencedirect.com/science/article/pii/S0378775311005994",
author = "Long Cai and Ralph E. White",
}

@article{bu,
title = "Electro-thermal modeling and experimental validation for lithium ion battery",
journal = "Journal of Power Sources",
volume = "199",
number = "0",
pages = "227 - 238",
year = "2012",
note = "",
issn = "0378-7753",
doi = "10.1016/j.jpowsour.2011.10.027",
url = "http://www.sciencedirect.com/science/article/pii/S0378775311019768",
author = "Yonghuang Ye and Yixiang Shi and Ningsheng Cai and Jianjun Lee and Xiangming He",
}

@article{Zhan1999804,
title = "Characteristics of Ni/MH power batteries and its application to electric vehicles",
journal = "Journal of Alloys and Compounds",
volume = "293",
number = "0",
pages = "804 - 808",
year = "1999",
note = "",
issn = "0925-8388",
doi = "10.1016/S0925-8388(99)00361-8",
url = "http://www.sciencedirect.com/science/article/pii/S0925838899003618",
author = "F. Zhan and L.J. Jiang and B.R. Wu and Z.H. Xia and X.Y. Wei and G.R. Qin",
}

@article{Beck20002467,
title = "Rechargeable batteries with aqueous electrolytes",
journal = "Electrochimica Acta",
volume = "45",
number = "15",
pages = "2467 - 2482",
year = "2000",
note = "",
issn = "0013-4686",
doi = "10.1016/S0013-4686(00)00344-3",
url = "http://www.sciencedirect.com/science/article/pii/S0013468600003443",
author = "Fritz Beck and Paul Rüetschi",
}
******************************************************************************************

@article{Jin2008801,
title = "A study on the electrochemical characteristics of LiFePO4 cathode for lithium polymer batteries by hydrothermal method",
journal = "Journal of Power Sources",
volume = "178",
number = "2",
pages = "801 - 806",
year = "2008",
note = "",
issn = "0378-7753",
doi = "10.1016/j.jpowsour.2007.09.073",
url = "http://www.sciencedirect.com/science/article/pii/S0378775307021106",
author = "En Mei Jin and Bo Jin and Dae-Kyoo Jun and Kyung-Hee Park and Hal-Bon Gu and Ki-Won Kim",
}

@article{Chu2012201,
title = "On the evaluation of the factors influencing the rate capability of a LiCoO2|Li battery",
journal = "Journal of the Taiwan Institute of Chemical Engineers",
volume = "43",
number = "2",
pages = "201 - 206",
year = "2012",
note = "",
issn = "1876-1070",
doi = "10.1016/j.jtice.2011.10.015",
url = "http://www.sciencedirect.com/science/article/pii/S1876107011001490",
author = "Chin-Ming Chu and Chun-Yen Liu and Yung-Yun Wang and Chi-Chao Wan and Chang-Rung Yang",
}

@article{Li2008741,
title = "Effect of FePO4 coating on electrochemical and safety performance of LiCoO2 as cathode material for Li-ion batteries",
journal = "Journal of Power Sources",
volume = "183",
number = "2",
pages = "741 - 748",
year = "2008",
note = "",
issn = "0378-7753",
doi = "10.1016/j.jpowsour.2008.05.047",
url = "http://www.sciencedirect.com/science/article/pii/S0378775308010306",
author = "Gang Li and Zhanxu Yang and Wensheng Yang",
}

@article{Syzdek2007712,
title = "Novel composite polymeric electrolytes with surface modified inorganic fillers",
journal = "Journal of Power Sources",
volume = "173",
number = "2",
pages = "712 - 720",
year = "2007",
note = " X Polish Conference on Systems with Fast Ionic Transport ",
issn = "0378-7753",
doi = "10.1016/j.jpowsour.2007.05.061",
url = "http://www.sciencedirect.com/science/article/pii/S0378775307010555",
author = "Jaros³aw Syzdek and Regina Borkowska and Kamil Perzyna and Jean Marie Tarascon and W³adys³aw Wieczorek",
}

@article{Syzdek200966,
title = "Ceramic in polymer versus polymer in ceramic polymeric electrolytes A novel approach",
journal = "Journal of Power Sources",
volume = "194",
number = "1",
pages = "66 - 72",
year = "2009",
note = " XIth Polish Conference on Fast Ionic Conductors 2008 ",
issn = "0378-7753",
doi = "10.1016/j.jpowsour.2009.01.070",
url = "http://www.sciencedirect.com/science/article/pii/S0378775309001748",
author = "Jaros³aw Syzdek and Michel Armand and Magdalena Gizowska and Marek Marcinek and El¿bieta Sasim and Miko³aj Szafran and W³adys³aw Wieczorek",
}

@article{Zhang20112962,
title = "Structure and performance of LiFePO4 cathode materials: A review",
journal = "Journal of Power Sources",
volume = "196",
number = "6",
pages = "2962 - 2970",
year = "2011",
note = "",
issn = "0378-7753",
doi = "10.1016/j.jpowsour.2010.11.113",
url = "http://www.sciencedirect.com/science/article/pii/S037877531002104X",
author = "Wei-Jun Zhang",
}

@article{Mandowski2004793,
title = "Surface fitting new tool for spectrally resolved thermoluminescence analysis",
journal = "Radiation Measurements",
volume = "38",
number = "4",
pages = "793 - 797",
year = "2004",
note = " Proceedings of the 5th European Conference on Luminescent Detectors and Transformers of Ionizing Radiation (LUMDETR 2003) ",
issn = "1350-4487",
doi = "10.1016/j.radmeas.2004.01.032",
url = "http://www.sciencedirect.com/science/article/pii/S1350448704000447",
author = "A. Mandowski and E. Mandowska and J. Swiatek and P. Bilski",
}

@article{Alfeld19965,
title = "Fitting scattered data on sphere-like surfaces using spherical splines",
journal = "Journal of Computational and Applied Mathematics",
volume = "73",
number = "1",
pages = "5 - 43",
year = "1996",
note = "",
issn = "0377-0427",
doi = "10.1016/0377-0427(96)00034-9",
url = "http://www.sciencedirect.com/science/article/pii/0377042796000349",
author = "Peter Alfeld and Marian Neamtu and Larry L. Schumaker",
}

@article{Qu199693,
title = "Smooth surface interpolation to scattered data using interpolatory subdivision algorithms",
journal = "Computers amp; Mathematics with Applications",
volume = "32",
number = "3",
pages = "93 - 110",
year = "1996",
note = "",
issn = "0898-1221",
doi = "10.1016/0898-1221(96)00115-0",
url = "http://www.sciencedirect.com/science/article/pii/0898122196001150",
author = "R. Qu and R.P. Agarwal",
}

@incollection{Avriel2003book,
title = "",
booktitle = "Nonlinear programming : analysis and methods",
publisher = "Dover Publications",
edition = "",
address = "Mineola, NY ",
year = " 2003",
pages = "",
isbn = "0486432270 9780486432274",
author = "	Mordecai Avriel"
}

@incollection{Snyman2005book,
title = "",
booktitle = "Practical mathematical optimization : an introduction to basic optimization theory and classical and new gradient-based algorithms",
publisher = "Springer",
edition = "",
address = "New York",
year = " 2005",
pages = "",
isbn = "0-387-24348-8",
author = "Jan A Snyman"
}

@incollection{Polyak1987book,
title = "",
booktitle = "Introduction to optimization",
publisher = "Optimization Software, Publications Division",
edition = "",
address = "New York",
year = " 1987",
pages = "",
isbn = "0911575146 9780911575149",
author = "Boris T. Polyak"
}

@article{Hough2001134,
title = "Asynchronous Parallel Pattern Search for Nonlinear Optimization",
journal = "Society for Industrial and Applied Mathematics: Journal on Scientific Computing",
volume = "23",
number = "1",
pages = "134 - 156",
year = "2001",
note = "",
issn = "1064-8275",
doi = "http://dx.doi.org/10.1137/S1064827599365823",
url = "",
author = "Patricia D. Hough, Tamara G. Kolda, and Virginia J. Torczon",
}

@article{Marsh19961447,
title = "Robustness bounds for systems with parametric uncertainty",
journal = "Automatica",
volume = "32",
number = "10",
pages = "1447 - 1453",
year = "1996",
note = "",
issn = "0005-1098",
doi = "10.1016/0005-1098(96)00094-5",
url = "http://www.sciencedirect.com/science/article/pii/0005109896000945",
author = "Clive Marsh and Hao Wei",
}

@article{Hollot1990269,
title = "Parametric uncertainty and unmodeled dynamics: Analysis via parameter space methods",
journal = "Automatica",
volume = "26",
number = "2",
pages = "269 - 282",
year = "1990",
note = "",
issn = "0005-1098",
doi = "10.1016/0005-1098(90)90121-W",
url = "http://www.sciencedirect.com/science/article/pii/000510989090121W",
author = "Christopher V. Hollot and Douglas P. Looze and Andrew C. Bartlett",
}

@article{Lee200097,
title = "Nonlinear control for robust rejection of periodic disturbances",
journal = "Systems and Control Letters",
volume = "39",
number = "2",
pages = "97 - 107",
year = "2000",
note = "",
issn = "0167-6911",
doi = "10.1016/S0167-6911(99)00094-8",
url = "http://www.sciencedirect.com/science/article/pii/S0167691199000948",
author = "Richard C.H. Lee and Malcolm C. Smith",
}

@article{Subrahmanyam1992130,
title = "Optimal disturbance rejection and performance robustness in linear systems",
journal = "Journal of Mathematical Analysis and Applications",
volume = "164",
number = "1",
pages = "130 - 150",
year = "1992",
note = "",
issn = "0022-247X",
doi = "10.1016/0022-247X(92)90149-8",
url = "http://www.sciencedirect.com/science/article/pii/0022247X92901498",
author = "M.B Subrahmanyam"
}

@article{Feng19951,
title = "Robust adaptive rejection of unknown deterministic disturbances",
journal = "Computers and Electrical Engineering",
volume = "21",
number = "1",
pages = "1 - 12",
year = "1995",
note = "",
issn = "0045-7906",
doi = "10.1016/0045-7906(94)00014-8",
url = "http://www.sciencedirect.com/science/article/pii/0045790694000148",
author = "G. Feng and T. Fu",
}

@article{Kim1996239,
title = "LQG/LTR robust controller of cogeneration plant for disturbance rejection in electric frequency and steam pressure",
journal = "International Journal of Electrical Power and Energy Systems",
volume = "18",
number = "4",
pages = "239 - 250",
year = "1996",
note = "",
issn = "0142-0615",
doi = "10.1016/0142-0615(95)00067-4",
url = "http://www.sciencedirect.com/science/article/pii/0142061595000674",
author = "B.H. Kim and Y-M. Park and M-S. Choi and J-W. Lee",
}

@article{chang20111,
title = "Robust Output Feedback Disturbance Rejection Control by Simultaneously Estimating State and Disturbance",
journal = "Journal of Control Science and Engineering",
volume = "2011",
number = "",
pages = "1-13",
year = "2011",
note = "",
issn = "1687-5249",
doi = "doi:10.1155/2011/568379",
url = "http://www.hindawi.com/journals/jcse/2011/568379/",
author = "Jeang-Lin Chang",
}

@article{Gökcek2000213,
title = "Disturbance rejection in control systems with saturating actuators",
journal = "Nonlinear Analysis: Theory, Methods and Applications",
volume = "40",
number = "1",
pages = "213-226",
year = "2000",
note = "",
issn = "0362-546X",
doi = "10.1016/S0362-546X(00)85012-9",
url = "http://www.sciencedirect.com/science/article/pii/S0362546X00850129",
author = "C. Gökcek and P.T. Kabamba and S.M. Meerkov",
}

@article{Willems1981235,
title = "Almost invariant subspaces  an approach to high gain feedback design-part I  almost controlled invariant subspaces",
journal = "IEEE Transactions on Automatic Control",
volume = "26",
number = "1",
pages = "235-252",
year = "1981",
note = "",
issn = "",
doi = "",
url = "",
author = "J. C. Willems",
}

@article{Young1982970,
title = "Disturbance decoupling by high gain feedback",
journal = "IEEE Transactions on Automatic Control",
volume = "27",
number = "",
pages = "970-971",
year = "1982",
note = "",
issn = "",
doi = "",
url = "",
author = "K. D. Young",
}

@incollection{Edwards1998book,
title = "",
booktitle = "Sliding Mode Control  Theory and Application",
publisher = "Taylor and Francis",
edition = "",
address = "New York",
year = " 1998",
pages = "",
isbn = "	0748406018 9780748406012",
author = "C. Edwards and S. K. Spurgeon"
}

@article{Jo2010994,
title = "Disturbance observer for non-minimum phase linear systems",
journal = "International Journal of Control, Automation and Systems",
volume = "8",
number = "",
pages = "994-1002",
year = "2010",
note = "",
issn = "",
doi = "",
url = "",
author = "N. H. Jo, H. Shim, and Y. I. Son",
}

@article{Chiari20115026,
title = "Constraints of fossil fuels depletion on global warming projections",
journal = "Energy Policy",
volume = "39",
number = "9",
pages = "5026 - 5034",
year = "2011",
note = "",
issn = "0301-4215",
doi = "10.1016/j.enpol.2011.06.011",
url = "http://www.sciencedirect.com/science/article/pii/S0301421511004654",
author = "Luca Chiari and Antonio Zecca",
}

@article{Nel2009166,
title = "Implications of fossil fuel constraints on economic growth and global warming",
journal = "Energy Policy",
volume = "37",
number = "1",
pages = "166 - 180",
year = "2009",
note = "",
issn = "0301-4215",
doi = "10.1016/j.enpol.2008.08.013",
url = "http://www.sciencedirect.com/science/article/pii/S030142150800414X",
author = "Willem P. Nel and Christopher J. Cooper",
}

@article{Leggett2012610,
title = "The implication for climate change and peak fossil fuel of the continuation of the current trend in wind and solar energy production",
journal = "Energy Policy",
volume = "41",
number = "0",
pages = "610 - 617",
year = "2012",
note = " Modeling Transport (Energy) Demand and Policies ",
issn = "0301-4215",
doi = "10.1016/j.enpol.2011.11.022",
url = "http://www.sciencedirect.com/science/article/pii/S0301421511008998",
author = "L. Mark W. Leggett and David A. Ball",
}

@article{Glasby2003163,
title = "Potential impact on climate of the exploitation of methane hydrate deposits offshore",
journal = "Marine and Petroleum Geology",
volume = "20",
number = "2",
pages = "163 - 175",
year = "2003",
note = "",
issn = "0264-8172",
doi = "10.1016/S0264-8172(03)00021-7",
url = "http://www.sciencedirect.com/science/article/pii/S0264817203000217",
author = "G.P. Glasby",
}

@article{Brown20031,
title = "Emergy indices and ratios for sustainable material cycles and recycle options",
journal = "Resources, Conservation and Recycling",
volume = "38",
number = "1",
pages = "1 - 22",
year = "2003",
note = "",
issn = "0921-3449",
doi = "10.1016/S0921-3449(02)00093-9",
url = "http://www.sciencedirect.com/science/article/pii/S0921344902000939",
author = "M.T. Brown and Vorasun Buranakarn",
}

@article{Grahn2009360,
title = "The role of biofuels for transportation in CO2 emission reduction scenarios with global versus regional carbon caps",
journal = "Biomass and Bioenergy",
volume = "33",
number = "3",
pages = "360 - 371",
year = "2009",
note = "",
issn = "0961-9534",
doi = "10.1016/j.biombioe.2008.08.019",
url = "http://www.sciencedirect.com/science/article/pii/S0961953408002006",
author = "Maria Grahn and Christian Azar and Kristian Lindgren",
}

@article{Leighty201252,
title = "Modeling transitions in the California light-duty vehicles sector to achieve deep reductions in transportation greenhouse gas emissions",
journal = "Energy Policy",
volume = "44",
number = "0",
pages = "52 - 67",
year = "2012",
note = "",
issn = "0301-4215",
doi = "10.1016/j.enpol.2012.01.013",
url = "http://www.sciencedirect.com/science/article/pii/S030142151200016X",
author = "Wayne Leighty and Joan M. Ogden and Christopher Yang",
}

@article{Pasaoglu2012404,
title = "Potential vehicle fleet CO2 reductions and cost implications for various vehicle technology deployment scenarios in Europe",
journal = "Energy Policy",
volume = "40",
number = "0",
pages = "404 - 421",
year = "2012",
note = " Strategic Choices for Renewable Energy Investment ",
issn = "0301-4215",
doi = "10.1016/j.enpol.2011.10.025",
url = "http://www.sciencedirect.com/science/article/pii/S0301421511008093",
author = "Guzay Pasaoglu and Michel Honselaar and Christian Thiel",
}

@article{Du20104671,
title = "Potential for reducing GHG emissions and energy consumption from implementing the aluminum intensive vehicle fleet in China",
journal = "Energy",
volume = "35",
number = "12",
pages = "4671 - 4678",
year = "2010",
note = " The 3rd International Conference on Sustainable Energy and Environmental Protection, SEEP 2009 ",
issn = "0360-5442",
doi = "10.1016/j.energy.2010.09.037",
url = "http://www.sciencedirect.com/science/article/pii/S0360544210005165",
author = "J.D. Du and W.J. Han and Y.H. Peng and C.C. Gu",
}

@article{Saboohi20091925,
title = "Model for developing an eco-driving strategy of a passenger vehicle based on the least fuel consumption",
journal = "Applied Energy",
volume = "86",
number = "10",
pages = "1925 - 1932",
year = "2009",
note = "",
issn = "0306-2619",
doi = "10.1016/j.apenergy.2008.12.017",
url = "http://www.sciencedirect.com/science/article/pii/S0306261908003371",
author = "Y. Saboohi and H. Farzaneh",
}

@article{Wang20105242,
title = "New fuel consumption standards for Chinese passenger vehicles and their effects on reductions of oil use and CO2 emissions of the Chinese passenger vehicle fleet",
journal = "Energy Policy",
volume = "38",
number = "9",
pages = "5242 - 5250",
year = "2010",
note = " Special Section on Carbon Emissions and Carbon Management in Cities with Regular Papers ",
issn = "0301-4215",
doi = "10.1016/j.enpol.2010.05.012",
url = "http://www.sciencedirect.com/science/article/pii/S0301421510003836",
author = "Zhao Wang and Yuefu Jin and Michael Wang and Wu Wei",
}

@article{AlRousan201012930,
title = "Reduction of fuel consumption in gasoline engines by introducing HHO gas into intake manifold",
journal = "International Journal of Hydrogen Energy",
volume = "35",
number = "23",
pages = "12930 - 12935",
year = "2010",
note = " Asian Hydrogen Energy Conference 2009 ",
issn = "0360-3199",
doi = "10.1016/j.ijhydene.2010.08.144",
url = "http://www.sciencedirect.com/science/article/pii/S0360319910017830",
author = "Ammar A. Al-Rousan",
}

@article{Zhu20116004,
title = "An experimental study of the effect of a homogeneous combustion catalyst on fuel consumption and smoke emission in a diesel engine",
journal = "Energy",
volume = "36",
number = "10",
pages = "6004 - 6009",
year = "2011",
note = "",
issn = "0360-5442",
doi = "10.1016/j.energy.2011.08.015",
url = "http://www.sciencedirect.com/science/article/pii/S0360544211005457",
author = "Mingming Zhu and Yu Ma and Dongke Zhang",
}

@article{Faris2012327,
title = "Effects of Magnetic Field on Fuel Consumption and Exhaust Emissions in Two-Stroke Engine",
journal = "Energy Procedia",
volume = "18",
number = "0",
pages = "327 - 338",
year = "2012",
note = " Terragreen 2012: Clean Energy Solutions for Sustainable Environment (CESSE) ",
issn = "1876-6102",
doi = "10.1016/j.egypro.2012.05.044",
url = "http://www.sciencedirect.com/science/article/pii/S1876610212008144",
author = "Ali S. Faris and Saadi K. Al-Naseri and Nather Jamal and Raed Isse and Mezher Abed and Zainab Fouad and Akeel Kazim and Nihad Reheem and Ali Chaloob and Hazim Mohammad and Hayder Jasim and Jaafar Sadeq and Ali Salim and Aws Abas",
}

@article{Timilsina20112055,
title = "How much hope should we have for biofuels?",
journal = "Energy",
volume = "36",
number = "4",
pages = "2055 - 2069",
year = "2011",
note = "5th Dubrovnik Conference on Sustainable Development of Energy, Water and Environment Systems",
issn = "0360-5442",
doi = "10.1016/j.energy.2010.08.023",
url = "http://www.sciencedirect.com/science/article/pii/S0360544210004597",
author = "Govinda R. Timilsina and Ashish Shrestha",
}

@article{Huang2012439,
title = "Biofuels and the poor: Global impact pathways of biofuels on agricultural markets",
journal = "Food Policy",
volume = "37",
number = "4",
pages = "439 - 451",
year = "2012",
note = "",
issn = "0306-9192",
doi = "10.1016/j.foodpol.2012.04.004",
url = "http://www.sciencedirect.com/science/article/pii/S0306919212000474",
author = "Jikun Huang and Jun Yang and Siwa Msangi and Scott Rozelle and Alfons Weersink",
}

@article{Hui20105328,
title = "Hydraulic/electric synergy system (HESS) design for heavy hybrid vehicles",
journal = "Energy",
volume = "35",
number = "12",
pages = "5328 - 5335",
year = "2010",
note = "<ce:title>The 3rd International Conference on Sustainable Energy and Environmental Protection, SEEP 2009 ",
issn = "0360-5442",
doi = "10.1016/j.energy.2010.07.027",
url = "http://www.sciencedirect.com/science/article/pii/S0360544210004020",
author = "Sun Hui and Yang Lifu and Jing Junqing",
}

@article{Fonseca2011194,
title = "Influence of the stop/start system on CO2 emissions of a diesel vehicle in urban traffic",
journal = "Transportation Research Part D: Transport and Environment",
volume = "16",
number = "2",
pages = "194 - 200",
year = "2011",
note = "",
issn = "1361-9209",
doi = "10.1016/j.trd.2010.10.001",
url = "http://www.sciencedirect.com/science/article/pii/S1361920910001471",
author = "Natalia Fonseca and Jesús Casanova and Manuel Valdés",
}

@article{Musolino20116697,
title = "A statistical approach to electrical storage sizing with application to the recovery of braking energy",
journal = "Energy",
volume = "36",
number = "11",
pages = "6697 - 6704",
year = "2011",
note = "",
issn = "0360-5442",
doi = "10.1016/j.energy.2011.07.037",
url = "http://www.sciencedirect.com/science/article/pii/S0360544211004853",
author = "V. Musolino and A. Pievatolo and E. Tironi",
}

@article{Kermani2012408,
title = "Predictive energy management for hybrid vehicle",
journal = "Control Engineering Practice",
volume = "20",
number = "4",
pages = "408 - 420",
year = "2012",
note = "<ce:title>Special Section: IFAC Symposium on Advanced Control of Chemical Processes - ADCHEM 2009 ",
issn = "0967-0661",
doi = "10.1016/j.conengprac.2011.12.001",
url = "http://www.sciencedirect.com/science/article/pii/S0967066111002498",
author = "S. Kermani and S. Delprat and T.M. Guerra and R. Trigui and B. Jeanneret",
}

@article{Bradley20105399,
title = "Analysis of plug-in hybrid electric vehicle utility factors",
journal = "Journal of Power Sources",
volume = "195",
number = "16",
pages = "5399 - 5408",
year = "2010",
note = "",
issn = "0378-7753",
doi = "10.1016/j.jpowsour.2010.02.082",
url = "http://www.sciencedirect.com/science/article/pii/S0378775310003915",
author = "Thomas H. Bradley and Casey W. Quinn",
}

@article{Chilan2011356,
title = "Key Technologies of EV Motor Drive System Design",
journal = "Procedia Engineering",
volume = "16",
number = "0",
pages = "356 - 362",
year = "2011",
note = "<ce:title>International Workshop on Automobile, Power and Energy Engineering ",
issn = "1877-7058",
doi = "10.1016/j.proeng.2011.08.1095",
url = "http://www.sciencedirect.com/science/article/pii/S1877705811025963",
author = "Cai Chi-lan and Wang Xiao-gang and Bai Yue-wei and Xia Yan-chun and Liu Kai",
}

@article{Zhang201299,
title = "Integration of PV power into future low-carbon smart electricity systems with EV and HP in Kansai Area, Japan",
journal = "Renewable Energy",
volume = "44",
number = "0",
pages = "99 - 108",
year = "2012",
note = "",
issn = "0960-1481",
doi = "10.1016/j.renene.2012.01.003",
url = "http://www.sciencedirect.com/science/article/pii/S0960148112000146",
author = "Qi Zhang and Tetsuo Tezuka and Keiichi N. Ishihara and Benjamin C. Mclellan",
}

@article{Göllei2011,
title = "Modeling and optimization of electrical vehicle batteries in complex clean energy systems",
journal = "Journal of Cleaner Production",
volume = "",
number = "0",
pages = " - ",
year = "2011",
note = "",
issn = "0959-6526",
doi = "10.1016/j.jclepro.2011.12.013",
url = "http://www.sciencedirect.com/science/article/pii/S0959652611005385",
author = "Attila Göllei and Péter Görbe and Attila Magyar",
}

@article{Görbe2012,
title = "Reduction of power losses with smart grids fueled with renewable sources and applying EV batteries",
journal = "Journal of Cleaner Production",
volume = "",
number = "0",
pages = " - ",
year = "2012",
note = "",
issn = "0959-6526",
doi = "10.1016/j.jclepro.2011.12.021",
url = "http://www.sciencedirect.com/science/article/pii/S0959652611005622",
author = "Péter Görbe and Attila Magyar and Katalin M. Hangos",
}

@article{Sáinz20121781,
title = "Conversion of a commercial gasoline vehicle to run bi-fuel (hydrogen-gasoline)",
journal = "International Journal of Hydrogen Energy",
volume = "37",
number = "2",
pages = "1781 - 1789",
year = "2012",
note = "<ce:title>10th International Conference on Clean Energy 2010</ce:title>",
issn = "0360-3199",
doi = "10.1016/j.ijhydene.2011.10.046",
url = "http://www.sciencedirect.com/science/article/pii/S0360319911024050",
author = "D. Sáinz and P.M. Diéguez and C. Sopena and J.C. Urroz and L.M. Gandía",
}

@article{Verhelst2009490,
title = "Hydrogen-fueled internal combustion engines",
journal = "Progress in Energy and Combustion Science",
volume = "35",
number = "6",
pages = "490 - 527",
year = "2009",
note = "",
issn = "0360-1285",
doi = "10.1016/j.pecs.2009.08.001",
url = "http://www.sciencedirect.com/science/article/pii/S0360128509000422",
author = "Sebastian Verhelst and Thomas Wallner",
}

@article{Ahluwalia2004192,
title = "Fuel economy of hydrogen fuel cell vehicles",
journal = "Journal of Power Sources",
volume = "130",
number = "1",
pages = "192 - 201",
year = "2004",
note = "",
issn = "0378-7753",
doi = "10.1016/j.jpowsour.2003.12.061",
url = "http://www.sciencedirect.com/science/article/pii/S0378775304000722",
author = "Rajesh K Ahluwalia and X Wang and A Rousseau and R Kumar",
}

@article{Maus20084612,
title = "Filling procedure for vehicles with compressed hydrogen tanks",
journal = "International Journal of Hydrogen Energy",
volume = "33",
number = "17",
pages = "4612 - 4621",
year = "2008",
note = "",
issn = "0360-3199",
doi = "10.1016/j.ijhydene.2008.06.052",
url = "http://www.sciencedirect.com/science/article/pii/S0360319908007052",
author = "Steffen Maus and Jobst Hapke and Chakkrit Na Ranong and Erwin Wüchner and Gerardo Friedlmeier and David Wenger",
}

@article{Ekoto201110169,
title = "Performance-based testing for hydrogen leakage into passenger vehicle compartments",
journal = "International Journal of Hydrogen Energy",
volume = "36",
number = "16",
pages = "10169 - 10178",
year = "2011",
note = "<ce:title>European Fuel Cell 2009</ce:title>",
issn = "0360-3199",
doi = "10.1016/j.ijhydene.2011.05.007",
url = "http://www.sciencedirect.com/science/article/pii/S0360319911011347",
author = "Isaac W. Ekoto and Erik G. Merilo and Daniel E. Dedrick and Mark A. Groethe",
}

@article{Ahluwalia20104171,
title = "Technical assessment of cryo-compressed hydrogen storage tank systems for automotive applications",
journal = "International Journal of Hydrogen Energy",
volume = "35",
number = "9",
pages = "4171 - 4184",
year = "2010",
note = "",
issn = "0360-3199",
doi = "10.1016/j.ijhydene.2010.02.074",
url = "http://www.sciencedirect.com/science/article/pii/S0360319910003563",
author = "R.K. Ahluwalia and T.Q. Hua and J.-K. Peng and S. Lasher and K. McKenney and J. Sinha and M. Gardiner",
}

@article{Caliskan2012,
title = "Energy, exergy and sustainability analyses of hybrid renewable energy based hydrogen and electricity production and storage systems: Modeling and case study",
journal = "Applied Thermal Engineering",
volume = "",
number = "0",
pages = " - ",
year = "2012",
note = "",
issn = "1359-4311",
doi = "10.1016/j.applthermaleng.2012.04.026",
url = "http://www.sciencedirect.com/science/article/pii/S1359431112002694",
author = "Hakan Caliskan and Ibrahim Dincer and Arif Hepbasli",
}

@article{Swain20114917,
title = "Biomass to liquid: A prospective challenge to research and development in 21st century",
journal = "Renewable and Sustainable Energy Reviews",
volume = "15",
number = "9",
pages = "4917 - 4933",
year = "2011",
note = "",
issn = "1364-0321",
doi = "10.1016/j.rser.2011.07.061",
url = "http://www.sciencedirect.com/science/article/pii/S1364032111003042",
author = "Pravat K. Swain and L.M. Das and S.N. Naik",
}

@article{Kumar20114264,
title = "LNG: An eco-friendly cryogenic fuel for sustainable development",
journal = "Applied Energy",
volume = "88",
number = "12",
pages = "4264 - 4273",
year = "2011",
note = "",
issn = "0306-2619",
doi = "10.1016/j.apenergy.2011.06.035",
url = "http://www.sciencedirect.com/science/article/pii/S0306261911004247",
author = "Satish Kumar and Hyouk-Tae Kwon and Kwang-Ho Choi and Wonsub Lim and Jae Hyun Cho and Kyungjae Tak and Il Moon",
}

@article{SanchezLopez2004779,
title = "Advanced control algorithms for steam temperature regulation of thermal power plants",
journal = "International Journal of Electrical Power and Energy Systems",
volume = "26",
number = "10",
pages = "779 - 785",
year = "2004",
note = "",
issn = "0142-0615",
doi = "10.1016/j.ijepes.2004.08.003",
url = "http://www.sciencedirect.com/science/article/pii/S0142061504000882",
author = "A. Sanchez-Lopez and G. Arroyo-Figueroa and A. Villavicencio-Ramirez",
}

@article{Szabó2010554,
title = "Identification and dynamic inversion-based control of a pressurizer at the Paks NPP",
journal = "Control Engineering Practice",
volume = "18",
number = "5",
pages = "554 - 565",
year = "2010",
note = "",
issn = "0967-0661",
doi = "10.1016/j.conengprac.2010.02.009",
url = "http://www.sciencedirect.com/science/article/pii/S0967066110000584",
author = "Zoltán Szabó and Gábor Szederkényi and Péter Gáspár and István Varga and Katalin M. Hangos and József Bokor",
}

@article{Fazekas20071071,
title = "A simple dynamic model of the primary circuit in VVER plants for controller design purposes",
journal = "Nuclear Engineering and Design",
volume = "237",
number = "10",
pages = "1071 - 1087",
year = "2007",
note = "",
issn = "0029-5493",
doi = "10.1016/j.nucengdes.2006.12.002",
url = "http://www.sciencedirect.com/science/article/pii/S0029549306006789",
author = "Cs. Fazekas and G. Szederkényi and K.M. Hangos"
}

@article{Eliasi2012177,
title = "Robust nonlinear model predictive control for a PWR nuclear power plant",
journal = "Progress in Nuclear Energy",
volume = "54",
number = "1",
pages = "177 - 185",
year = "2012",
note = "",
issn = "0149-1970",
doi = "10.1016/j.pnucene.2011.06.004",
url = "http://www.sciencedirect.com/science/article/pii/S0149197011001272",
author = "H. Eliasi and M.B. Menhaj and H. Davilu",
}

@article{Storey1984185,
title = "Engineering optimization: Methods and applications : By G. V. Reklaitis, A. Ravindran and K. M. Ragsdell; published by Wiley-Interscience, New York, 1983; xvii + 684 pp.; price, L37.95",
journal = "The Chemical Engineering Journal",
volume = "28",
number = "3",
pages = "185 - 186",
year = "1984",
note = "",
issn = "0300-9467",
doi = "10.1016/0300-9467(84)85058-3",
url = "http://www.sciencedirect.com/science/article/pii/0300946784850583",
author = "C. Storey"
}

@article{Ramos199352,
title = "Model building in mathematical programming Third Edition H.P. Williams John Wiley and Sons, New York, 1990, L14.50",
journal = "Applied Mathematical Modelling",
volume = "17",
number = "1",
pages = "52 - ",
year = "1993",
note = "",
issn = "0307-904",
doi = "10.1016/0307-904 (93)90128-4",
url = "http://www.sciencedirect.com/science/article/pii/0307904 93901284",
author = "J.l. Ramos"
}

@article{Bemporad1999407,
title = "Control of systems integrating logic, dynamics, and constraints",
journal = "Automatica",
volume = "35",
number = "3",
pages = "407 - 427",
year = "1999",
note = "",
issn = "0005-1098",
doi = "10.1016/S0005-1098(98)00178-2",
url = "http://www.sciencedirect.com/science/article/pii/S0005109898001782",
author = "Alberto Bemporad and Manfred Morari",
}

@BOOK{Boyd1994,
  title = {Linear Matrix Inequalities in System and Control Theory},
  publisher = {SIAM},
  year = {1994},
  isbn = "0-89871-485-0",
  author = {Stephen Boyd, Laurent El Ghaoui, Eric Feron, and Venkataramanan Balakrishnan}

@article{Blumsack201261,
title = "Ready or not, here comes the smart grid!",
journal = "Energy",
volume = "37",
number = "1",
pages = "61 - 68",
year = "2012",
note = "7th Biennial International Workshop Advances in Energy Studies",
issn = "0360-5442",
doi = "10.1016/j.energy.2011.07.054",
url = "http://www.sciencedirect.com/science/article/pii/S0360544211005287",
author = "Seth Blumsack and Alisha Fernandez",
}

@article{Alonso20125513,
title = "Integration of renewable energy sources in smart grids by means of evolutionary optimization algorithms",
journal = "Expert Systems with Applications",
volume = "39",
number = "5",
pages = "5513 - 5522",
year = "2012",
note = "",
issn = "0957-4174",
doi = "10.1016/j.eswa.2011.11.069",
url = "http://www.sciencedirect.com/science/article/pii/S0957417411016150",
author = "Monica Alonso and Hortensia Amaris and Carlos Alvarez-Ortega",
}

@article{Qi20111504,
title = "A distributed control framework for smart grid development: Energy/water system optimal operation and electric grid integration",
journal = "Journal of Process Control",
volume = "21",
number = "10",
pages = "1504 - 1516",
year = "2011",
note = "<ce:title>Special Issue:Selected Papers From Two Joint IFAC Conferences: 9th International Symposium on Dynamics and Control of Process Systems and the 11th International Symposium on Computer Applications in Biotechnology, Leuven, Belgium, July 5-9, 2010.</ce:title>",
issn = "0959-1524",
doi = "10.1016/j.jprocont.2011.05.010",
url = "http://www.sciencedirect.com/science/article/pii/S0959152411001077",
author = "Wei Qi and Jinfeng Liu and Panagiotis D. Christofides",
}

@article{Ibrahim199093,
title = "Estimating energy and oil demand functions: A study of thirteen developing countries",
journal = "Energy Economics",
volume = "12",
number = "2",
pages = "93 - 102",
year = "1990",
note = "",
issn = "0140-9883",
doi = "10.1016/0140-9883(90)90042-E",
url = "http://www.sciencedirect.com/science/article/pii/014098839090042E",
author = "Ibrahim B. Ibrahim and Christopher Hurst",
}

@article{Karlsson2006315,
title = "Energy demand and indoor climate in a low energy building changed control strategies and boundary conditions",
journal = "Energy and Buildings",
volume = "38",
number = "4",
pages = "315 - 326",
year = "2006",
note = "",
issn = "0378-7788",
doi = "10.1016/j.enbuild.2005.06.013",
url = "http://www.sciencedirect.com/science/article/pii/S0378778805001015",
author = "J. Fredrik Karlsson and Bahram Moshfegh",
}

@article{Puksec2012,
title = "Potentials for energy savings and long term energy demand of Croatian households sector",
journal = "Applied Energy",
volume = "",
number = "0",
pages = " - ",
year = "2012",
note = "",
issn = "0306-2619",
doi = "10.1016/j.apenergy.2012.04.023",
url = "http://www.sciencedirect.com/science/article/pii/S0306261912003091",
author = "Tomislav Puksec and Brian Vad Mathiesen and Neven Duic",
}

@article{Henriksson2012437,
title = "Industrial electricity demand and energy efficiency policy: The role of price changes and private R and D in the Swedish pulp and paper industry",
journal = "Energy Policy",
volume = "47",
number = "0",
pages = "437 - 446",
year = "2012",
note = "",
issn = "0301-4215",
doi = "10.1016/j.enpol.2012.05.016",
url = "http://www.sciencedirect.com/science/article/pii/S0301421512004284",
author = "Eva Henriksson and Patrik Söderholm and Linda Warell",
}

@article{Anagnostopoulos20073009,
title = "Pumping station design for a pumped-storage wind-hydro power plant",
journal = "Energy Conversion and Management",
volume = "48",
number = "11",
pages = "3009 - 3017",
year = "2007",
note = "<ce:title>19th International Conference on Efficiency, Cost, Optimization, Simulation and Environmental Impact of Energy Systems</ce:title>",
issn = "0196-8904",
doi = "10.1016/j.enconman.2007.07.015",
url = "http://www.sciencedirect.com/science/article/pii/S0196890407002063",
author = "John S. Anagnostopoulos and Dimitris E. Papantonis",
}

@article{Dittmar201235,
title = "Nuclear energy: Status and future limitations",
journal = "Energy",
volume = "37",
number = "1",
pages = "35 - 40",
year = "2012",
note = "7th Biennial International Workshop Advances in Energy Studies",
issn = "0360-5442",
doi = "10.1016/j.energy.2011.05.040",
url = "http://www.sciencedirect.com/science/article/pii/S0360544211003653",
author = "Michael Dittmar",
}

@article{Denholm2012301,
title = "Decarbonizing the electric sector: Combining renewable and nuclear energy using thermal storage",
journal = "Energy Policy",
volume = "44",
number = "0",
pages = "301 - 311",
year = "2012",
note = "",
issn = "0301-4215",
doi = "10.1016/j.enpol.2012.01.055",
url = "http://www.sciencedirect.com/science/article/pii/S030142151200081X",
author = "Paul Denholm and Jeffrey C. King and Charles F. Kutcher and Paul P.H. Wilson",
}

@article{Deane20101293,
title = "Techno-economic review of existing and new pumped hydro energy storage plant",
journal = "Renewable and Sustainable Energy Reviews",
volume = "14",
number = "4",
pages = "1293 - 1302",
year = "2010",
note = "",
issn = "1364-0321",
doi = "10.1016/j.rser.2009.11.015",
url = "http://www.sciencedirect.com/science/article/pii/S1364032109002779",
author = "J.P. Deane and B.P. Ó Gallachóir and E.J. McKeogh",
}

@article{Purvins2012225,
title = "Effects of variable renewable power on a country-scale electricity system: High penetration of hydro power plants and wind farms in electricity generation",
journal = "Energy",
volume = "43",
number = "1",
pages = "225 - 236",
year = "2012",
note = "<ce:title>2nd International Meeting on Cleaner Combustion (CM0901-Detailed Chemical Models for Cleaner Combustion)</ce:title>",
issn = "0360-5442",
doi = "10.1016/j.energy.2012.04.038",
url = "http://www.sciencedirect.com/science/article/pii/S0360544212003362",
author = "Arturs Purvins and Ioulia T. Papaioannou and Irina Oleinikova and Evangelos Tzimas",
}

@article{Margeta2012972,
title = "Theoretical settings of photovoltaic-hydro energy system for sustainable energy production",
journal = "Solar Energy",
volume = "86",
number = "3",
pages = "972 - 982",
year = "2012",
note = "",
issn = "0038-092X",
doi = "10.1016/j.solener.2012.01.007",
url = "http://www.sciencedirect.com/science/article/pii/S0038092X12000230",
author = "Jure Margeta and Zvonimir Glasnovic",
}

@article{Franco2012299,
title = "An integrated Reservoir Plant strategy for a sustainable and efficient use of geothermal resources",
journal = "Energy",
volume = "37",
number = "1",
pages = "299 - 310",
year = "2012",
note = "7th Biennial International Workshop Advances in Energy Studies",
issn = "0360-5442",
doi = "10.1016/j.energy.2011.11.029",
url = "http://www.sciencedirect.com/science/article/pii/S0360544211007596",
author = "Alessandro Franco and Maurizio Vaccaro",
}

@article{Chamorro201210,
title = "World geothermal power production status: Energy, environmental and economic study of high enthalpy technologies",
journal = "Energy",
volume = "42",
number = "1",
pages = "10 - 18",
year = "2012",
note = "<ce:title>8th World Energy System Conference, WESC 2010</ce:title>",
issn = "0360-5442",
doi = "10.1016/j.energy.2011.06.005",
url = "http://www.sciencedirect.com/science/article/pii/S0360544211003823",
author = "César R. Chamorro and María E. Mondéjar and Roberto Ramos and José J. Segovia and María C. Martín and Miguel A. Villamanán",
}

@article{Teichler201027,
title = "HVDC Transmission: A Path to the Future?",
journal = "The Electricity Journal",
volume = "23",
number = "4",
pages = "27 - 41",
year = "2010",
note = "",
issn = "1040-6190",
doi = "10.1016/j.tej.2010.04.002",
url = "http://www.sciencedirect.com/science/article/pii/S1040619010000953",
author = "Stephen L. Teichler and Ilia Levitine"
}

@article{Latorre2011332,
title = "Improvement of power system stability by using a VSC HVdc",
journal = "International Journal of Electrical Power and Energy Systems",
volume = "33",
number = "2",
pages = "332 - 339",
year = "2011",
note = "",
issn = "0142-0615",
doi = "10.1016/j.ijepes.2010.08.030",
url = "http://www.sciencedirect.com/science/article/pii/S0142061510001663",
author = "H.F. Latorre and M. Ghandhari",
}

@article{Delucchi20111170,
title = "Providing all global energy with wind, water, and solar power, Part II: Reliability, system and transmission costs, and policies",
journal = "Energy Policy",
volume = "39",
number = "3",
pages = "1170 - 1190",
year = "2011",
note = "",
issn = "0301-4215",
doi = "10.1016/j.enpol.2010.11.045",
url = "http://www.sciencedirect.com/science/article/pii/S0301421510008694",
author = "Mark A. Delucchi and Mark Z. Jacobson",
}

@article{CarrerasSospedra20103215,
title = "Central power generation versus distributed generation  An air quality assessment in the South Coast Air Basin of California",
journal = "Atmospheric Environment",
volume = "44",
number = "26",
pages = "3215 - 3223",
year = "2010",
note = "",
issn = "1352-2310",
doi = "10.1016/j.atmosenv.2010.05.017",
url = "http://www.sciencedirect.com/science/article/pii/S1352231010003900",
author = "Marc Carreras-Sospedra and Satish Vutukuru and Jacob Brouwer and Donald Dabdub",
}

@MISC{PanaBatt2012,
  author = {Panasonic},
  title = {{M}atlab {S}imulink {S}im{P}ower{S}ystems {T}oolbox},
  howpublished = {Online: http://industrial.panasonic.com/,  Accessed: 18.07.2012},
  year = {2012}
}
